3050 4909
227 355 301 401 aar
543 382 546 389 »
602 320 648 400 C.
671 334 708 400 F.
732 332 956 401 Mutuum

222 495 261 555 tis
275 491 535 567 multos'adfuisse,
549 494 603 572 qui
616 488 796 573 probarent:
817 494 898 556 addo
908 494 1009 566 etiam,
1024 493 1050 555 si
1062 496 1173 572 placet,
1188 495 1328 558 occurris

223 586 389 648 nonnullos.
431 585 491 645 Sed
505 586 619 647 alienus
633 594 680 647 est
697 574 773 647 risus
785 588 824 648 ab
845 588 904 648 hoc
922 589 992 648 loco
1004 595 1036 647 et
1050 587 1208 664 apriorum
1222 589 1328 649 serbo-

223 701 288 741 rum
300 680 455 759 gravitate.
495 679 608 741 Eodem
631 680 720 742 modo
738 681 876 761 peccavit
894 681 925 740 in
942 680 987 740 his
1005 686 1048 757 (κ.
1065 680 1191 761 Τιμάρχ.
1211 689 1236 757 t.
1255 680 1330 758 λβ.)

223 774 330 840 πάντες
343 778 400 851 γὰρ
413 775 450 834 ἂν
463 771 542 833 τοῦδ’
554 776 788 855 ὁμολογήσαιμεν
801 783 860 836 etc.
901 773 1017 835 Etenim
1032 783 1063 833 et
1077 773 1136 835 hoc
1149 775 1218 834 loco
1230 774 1328 854 impu-

223 865 352 926 dentiam
366 874 395 925 et
410 864 521 944 flagitia
534 865 765 929 adversariorum
778 867 818 928 ad
832 868 922 928 risum
937 868 1037 927 traxit.
1078 866 1140 926 Sed
1154 866 1227 930 talia
1244 886 1328 928 sere·

222 959 351 1033 ritatem,
365 960 436 1019 iram
458 966 490 1018 et
508 957 609 1019 odium
628 957 773 1038 flagitant.
816 959 945 1038 Lepidus
963 959 1014 1019 ille
1036 958 1160 1037 quidem
1178 959 1273 1030 locus,
1295 968 1329 1021 et

222 1051 371 1113 tractandi
397 1051 547 1125 sedulitas,
575 1054 778 1131 repetitiones,
806 1052 1024 1130 verborumque
1051 1052 1162 1113 abusus
1189 1070 1327 1132 magnam

223 1144 395 1205 suavitatem
409 1144 546 1219 afferunt,
567 1145 619 1205 sed
636 1144 785 1205 honestati
798 1152 830 1204 et
842 1143 954 1205 decoro
965 1144 1174 1223 posthabenda
1182 1144 1330 1223 jucundi·

222 1246 278 1299 tas.
318 1240 389 1317 lpse
402 1239 491 1298 etiem
506 1236 624 1299 ridetur
638 1236 879 1297 animadvertisse
898 1236 1109 1315 turpitudinem
1121 1238 1174 1310 rei,
1188 1256 1279 1316 quarn
1292 1247 1329 1300 ut

221 1338 386 1404 excusaret,
405 1329 532 1404 addidit,
551 1330 647 1391 ἔπειτα
661 1333 706 1389 καὶ
721 1336 773 1401 τὴν
787 1328 919 1401 εὐήθειαν
932 1338 982 1389 τοῦ
1001 1333 1093 1405 λόγου
1113 1334 1214 1391 τούτου
1231 1330 1330 1409 ῥᾴδιόν

221 1425 300 1485 ἐστιν
312 1424 451 1497 ἐξετάσαι,
464 1432 496 1483 et
509 1423 600 1503 paulo
612 1431 692 1501 poti,
705 1426 745 1503 pr)
759 1428 818 1502 γὰρ
830 1425 877 1482 inr'
890 1424 958 1503 ἐμοῦ
970 1425 1139 1503 λεγόμενον,
1153 1427 1234 1483 ἀλλὰ
1246 1427 1327 1499 γινό-

221 1538 308 1596 μενον
331 1516 363 1576 rd
381 1523 503 1596 πρᾶγμα
528 1518 659 1596 νομίσαθ
674 1518 755 1595 ὁρᾷν.
798 1516 856 1577 His
876 1515 958 1577 addo
978 1516 1037 1575 nlla
1050 1515 1191 1594 quiedam
1212 1516 1330 1578 minora

221 1608 292 1668 vitia
308 1608 465 1669 verborum
480 1608 670 1687 singulorum.
711 1610 790 1667 Cum
812 1608 891 1669 enim
915 1610 954 1669 de
975 1607 1134 1668 Timarcho
1152 1607 1238 1681 dicit,
1258 1629 1333 1670 enm·

220 1700 308 1781 (ibid.
323 1714 347 1782 §-
361 1703 407 1777 ζ.)
420 1704 641 1778 καταγελάστως
652 1706 806 1782 κεχρῆσθαι
819 1707 857 1782 τῷ
870 1707 987 1782 σίιματι,
999 1722 1059 1762 non
1069 1701 1188 1763 videtur
1198 1704 1329 1782 indigni·

220 1804 310 1855 tatem
325 1795 368 1854 rei
381 1795 451 1855 satis
461 1794 568 1856 idoneo
579 1795 671 1855 verbo
682 1793 861 1855 declarasse.
902 1795 1012 1856 Melius
1025 1794 1149 1858 fortasse
1162 1804 1195 1857 et
1208 1797 1329 1874 gravius

221 1888 353 1958 dixisset,
367 1890 580 1966 ἀναισχύντως,
595 1886 775 1969 ὑβριστικῶς,
790 1894 842 1945 ant
859 1887 920 1946 alio
941 1888 1041 1947 modo.
1083 1889 1198 1949 Rursus
1211 1889 1330 1951 comicis

220 1982 358 2062 quadum
368 1982 459 2043 verba
468 1981 637 2054 admiscuit,
652 1981 742 2041 veluti
755 1984 797 2058 (ε.
810 1986 933 2060 Κτησιφ.
948 1988 972 2057 ς.
986 1981 1033 2040 σά.
1045 1980 1123 2056 init)
1135 1980 1327 2057 βαλαντιοσί-

96 2083 99 2093 “
219 2100 292 2156 μοις,
306 2074 392 2152 (ibid.
406 2080 430 2149 ξ.
444 2076 507 2151 ιτγ’.
522 2072 586 2152 fin.)
601 2073 752 2152 ἄνθρωπος
772 2074 800 2146 ἐξ
812 2074 960 2153 ὀνομάτων
974 2079 1172 2154 συγκείμενος.
1214 2074 1328 2137 Similia

219 2176 296 2239 sunt,
310 2167 397 2245 (ibid.
409 2175 434 2243 ξ.
448 2170 502 2243 ξίν.)
514 2170 621 2247 ῥίιμασι
633 2171 841 2238 τὴνπολιτείαν
854 2165 937 2247 [τοὺς
952 2165 1068 2246 νόμους]
1086 2168 1226 2245 ἀναιρεῖν.
1266 2168 1328 2229 Ar-

219 2270 291 2341 guta
304 2260 390 2321 nimis
404 2260 491 2319 hmo:
511 2258 653 2341 ἐφθόνησέ
670 2284 726 2341 μου
740 2266 805 2327 ταῖς
821 2256 984 2333 διαβολαῖς.
1025 2256 1150 2319 Temere
1163 2257 1282 2321 duobus
1295 2262 1328 2323 in
1427 2292 1433 2301 .

154 2408 159 2437 ·.
218 2355 290 2415 locis
311 2353 490 2413 inculcatum
513 2354 529 2411 b
551 2356 603 2424 τὴν
617 2355 753 2433 ἀνόμοιον
774 2354 852 2433 ἔχων
870 2353 1045 2432 ἐπωνυμίαν.
1087 2351 1223 2412 Audacia
1241 2353 1329 2415 ninia

218 2447 301 2507 ltaec:
323 2450 367 2521 (or.
379 2443 570 2526 Παραπρεσβ.
586 2452 610 2521 ξ.
625 2448 672 2521 ιε’.)
683 2443 841 2526 φθέγγεται
855 2443 887 2504 τὸ
898 2447 996 2524 θηρίον
1008 2451 1089 2505 τοῦτο
1102 2451 1247 2525 προοίμιον
1260 2469 1326 2507 σεο·

215 2546 307 2603 τεινόν
319 2564 349 2602 τε
363 2544 408 2600 rol
418 2536 551 2612 τεθνηκὸς
563 2538 663 2615 δειλίᾳ.
704 2538 736 2599 Si
749 2538 827 2597 enim
838 2537 869 2597 τὸ
878 2539 1008 2609 τεθνηκὸς
1021 2538 1166 2598 referatur
1176 2536 1215 2597 ad
1229 2543 1325 2619 προοί-

215 2657 292 2712 μιον,
307 2633 505 2694 utverbornm
521 2640 671 2691 structura
687 2630 786 2709 jubet,
800 2630 921 2689 modum
935 2650 994 2690 non
1010 2632 1124 2701 tenuit:
1147 2630 1191 2690 sin
1211 2630 1251 2691 ad
1270 2630 1326 2707 διγ-

215 2730 288 2805 ρίον,
304 2724 390 2785 nimis
404 2734 451 2785 est
464 2724 620 2783 divulsum.
664 2722 783 2803 Frigide
796 2722 930 2782 additum
945 2724 1125 2785 vocabulum
1137 2734 1195 2785 τῶν
1212 2727 1324 2808 είρημί-

216 2843 281 2879 νων.
296 2821 333 2896 (κ.
345 2818 467 2898 Κτησιφ.
481 2820 506 2889 ξ.
522 2818 595 2892 ιτγ’.)
636 2816 669 2875 Si
690 2816 770 2875 enim
787 2826 844 2877 τῶν
863 2816 1001 2896 Σειρήνων
1015 2816 1190 2894 repetiisset,
1204 2817 1323 2894 elegan-

216 2912 275 2971 tius
289 2910 472 2971 hauddubie
486 2909 600 2969 luisset.
642 2909 757 2969 Placuit
770 2909 849 2969 hunc
864 2909 962 2969 locum
976 2909 1155 2981 adscribere,
1166 2916 1241 2981 tum,
1251 2908 1324 2987 qnia

217 3003 333 3064 brevior
345 3011 400 3078 est,
415 3012 488 3076 tum,
500 3005 571 3080 quia
583 3003 626 3062 sic
637 3001 675 3061 de
690 3020 727 3061 eo
743 3002 859 3062 facilius
874 3001 970 3061 lector
980 3001 1118 3080 judicare
1132 3010 1243 3081 potest.
1272 3001 1321 3064 De

217 3097 419 3158 Demosthene
438 3096 527 3177 igitur
541 3095 633 3157 dicii:
655 3098 788 3179 ἀφομοιοῖ
802 3097 859 3176 γάρ
872 3120 927 3175 μου
940 3100 1089 3176 τὴνφύσιν
1105 3103 1169 3163 ταῖς
1181 3094 1321 3177 Σειρῆσιν,

216 3197 255 3260 ὣς
265 3190 344 3251 iocre.
359 3195 405 3250 καὶ
420 3194 477 3269 γὰρ
489 3192 536 3250 ὕπ’
549 3191 662 3250 ἐκείνων
677 3192 709 3249 oh
723 3193 871 3261 κηλεῖσθαί
881 3201 949 3269 φησι
961 3190 1026 3256 τοὺς
1040 3190 1243 3269 ἀκροωμένους,
1254 3193 1322 3249 ἀλλ’

214 3284 410 3357 ἀπόλλυσθαι,
432 3284 525 3363 διόπερ
543 3288 593 3343 obre
614 3281 765 3363 εὗδοκιμεῐν
778 3286 829 3353 τὴν
842 3292 899 3343 τῶν
912 3287 1066 3361 είρημίνων
1078 3283 1225 3359 μουσικήν.
1266 3282 1322 3342 At-

216 3398 276 3457 que
290 3380 355 3439 δαο
370 3378 399 3437 in
414 3377 558 3438 AEschine
572 3395 609 3436 eo
620 3374 712 3453 magis
724 3374 796 3435 mira
808 3373 901 3434 videri
915 3372 1035 3443 dehent,
1045 3372 1115 3451 quia
1126 3371 1323 3435 Demostheni

214 3472 373 3533 verborum
386 3475 499 3550 πικρίαν
510 3479 540 3529 et
550 3472 713 3549 περιεργίαν
727 3467 851 3546 objecit,
865 3473 896 3526 et
910 3465 939 3524 in
951 3464 1107 3525 verborum
1121 3464 1242 3526 delectu
1255 3466 1321 3527 aliis

214 3564 245 3624 in
259 3565 333 3624 locis
347 3562 534 3623 vehementer
544 3560 672 3621 excellit.
716 3559 772 3619 His
786 3558 898 3618 addere
912 3558 1000 3617 liceat
1014 3557 1133 3617 brevem
1145 3557 1321 3619 admonitio-

215 3677 281 3717 nem
289 3658 327 3719 de
336 3656 573 3735 repetitionibus,
585 3674 652 3735 quae
663 3656 776 3715 crebrae
788 3663 858 3715 sunt
872 3652 992 3732 quidem
1003 3654 1084 3733 apud
1095 3676 1173 3729 eum,
1183 3655 1320 3717 suasuri

214 3760 314 3812 tamen
326 3750 414 3811 facile
432 3760 567 3830 possunt.
608 3750 685 3811 Nam
700 3748 730 3807 in
745 3747 940 3827 orationihus,
960 3766 1028 3827 qum
1043 3757 1157 3809 tantum
1171 3749 1320 3828 leguntur,

214 3845 335 3906 taedium
357 3843 494 3905 afferunt.
534 3844 685 3903 Attentior
709 3840 787 3901 euim
810 3841 904 3901 lector
926 3839 1098 3919 indignatur
1117 3840 1172 3901 sihi
1193 3842 1320 3907 eandem

213 3956 276 3998 rem
290 3936 398 4015 sepius
412 3935 482 3997 dici.
524 3938 567 3995 nt
581 3934 611 3993 in
624 3932 810 3995 orationibus
823 3932 1021 4010 judicialibus
1036 3940 1067 3993 et
1081 3934 1201 3995 omnino
1219 3935 1250 3995 in
1271 3936 1318 4009 iis,

214 4050 282 4111 quar
297 4030 452 4103 habentur,
466 4046 599 4108 magnam
614 4027 726 4087 hahent
740 4024 904 4099 utilitatem,
915 4037 947 4087 et
956 4025 1085 4100 auditor,
1098 4026 1151 4104 qui
1161 4036 1208 4087 est
1220 4029 1319 4105 legen-

212 4124 291 4185 tibus
309 4120 515 4203 negligentior,
538 4140 573 4181 ea
591 4118 651 4181 fert
668 4120 796 4181 facilius.
840 4120 1013 4179 Memoriam
1031 4120 1109 4180 enim
1127 4120 1268 4197 adjuvant
1286 4128 1318 4184 et

207 4217 378 4295 judicesad
393 4213 629 4295 cognoscendam
645 4232 763 4275 oausam
777 4212 909 4275 reddunt
923 4211 1058 4276 idoneos.
