3050 4909
204 238 285 325 291}
403 303 410 313 .
483 254 510 320 Ι.
533 251 731 318 TAYLORI
756 251 997 318 PRAEFATIO

202 428 257 475 τῶν
278 415 419 491 Χαρίτων.
462 413 629 473 ΜΟΥΣΑΣ
651 413 682 472 dd
704 418 756 480 rire
777 414 957 485 Ἐπιπολὰς,
972 413 1017 472 διὰ
1038 413 1087 472 τὸν
1107 413 1226 492 ἆριθμόν
1250 426 1305 476 τῶν

202 510 283 568 ἐννέα
302 507 437 566 Μουσῶν.
480 506 527 564 De
550 525 670 565 numo
694 507 796 566 harum
820 504 1018 582 Epistularum
1038 503 1163 564 Photius
1184 525 1306 585 quoquc

180 594 342 679 ·pertribet
361 597 560 663 testimonium
586 599 664 658 idem
684 596 722 664 in,
736 598 814 660 Cud.
835 595 999 660 cccxlv.
1041 596 1141 658 Hodie
1161 597 1304 660 hebemus

202 693 314 752 Triada
328 690 448 769 quidem
462 691 649 761 orationum,
663 691 814 768 Epistulas
827 707 897 748 sero
911 688 1085 752 Duodenas.
1140 701 1143 710 ’

244 773 388 852 Quaenam
403 782 463 842 sint
477 782 566 861 igitur
578 781 802 859 abjudicandae,
817 781 840 840 si
857 799 984 859 quaeras,
1001 782 1061 842 sive
1075 791 1159 842 tantu
1173 784 1304 844 Auctore

203 876 350 955 indignam
371 875 431 935 sive
453 885 524 935 nota
545 875 645 952 aliqua
665 875 781 946 inustae,
797 893 865 951 quae
886 873 1046 934 novitatem
1060 894 1183 954 arguere
1197 875 1304 955 possit,

203 970 261 1030 boc
276 990 311 1029 ex
327 989 383 1040 me,
398 968 528 1046 inquam
543 967 568 1027 si
588 986 714 1042 quaeras,
730 969 788 1037 aio,
803 965 947 1045 proedieo,
961 965 1105 1028 confirmo
1124 977 1154 1029 et
1174 987 1306 1047 pronun-

202 1061 262 1132 cio,
277 1080 378 1120 ornnes
390 1061 461 1121 Xli.
475 1059 702 1139 proscribendus
714 1061 849 1138 protinus
863 1069 893 1119 et
906 1059 1098 1120 eliminandus
1111 1081 1186 1122 esse.

243 1153 340 1214 Probe
356 1154 420 1216 scio
440 1174 501 1214 rem
515 1173 579 1216 esse
597 1153 728 1214 omnium
743 1151 954 1228 difficillimam,
968 1121 1119 1232 disputare
1134 1154 1172 1215 de
1187 1155 1233 1216 his
1247 1155 1303 1216 ιιι-

202 1249 286 1308 lnciis
288 1267 375 1327 ‚qum
389 1248 428 1306 ab
437 1247 573 1305 Aliorum
587 1253 638 1304 aut
650 1245 776 1316 Fraude,
790 1255 842 1306 aut
856 1245 947 1306 nimio
957 1245 1031 1307 Otio
1045 1249 1200 1328 proiectu,
1211 1250 1303 1311 AEtuti

203 1353 312 1402 nostrae
327 1338 544 1399 obtruduntur:
566 1338 644 1398 Novi
659 1358 748 1416 quam
765 1339 901 1398 tubrico'
893 1359 923 1398 ιιι
944 1341 1013 1400 loco
1026 1351 1160 1402 versetur
1172 1342 1233 1416 ilie,
1249 1343 1302 1423 qui

202 1435 234 1496 id
246 1435 389 1504 elaborat,
403 1443 438 1492 nt
449 1431 540 1492 etium
549 1431 587 1491 de
597 1451 705 1512 genere
715 1433 876 1506 Orationis,
890 1433 928 1494 de
938 1425 1109 1504 charactere
1119 1436 1252 1513 dicendi,
1264 1437 1303 1498 de

205 1528 361 1588 verborum
376 1524 648 1601 sententiarumque
668 1525 838 1596 luminibus,
863 1543 897 1586 ea
922 1526 1136 1603 persentiscere
1160 1528 1302 1602 adducat,

204 1638 272 1696 quar
283 1619 347 1696 inse
361 1635 460 1682 secum
471 1616 658 1694 esrrerintun
679 1617 736 1676 sibi
745 1617 815 1678 licet
824 1619 989 1686 noneolum
1000 1619 1187 1697 persuadeat,
1201 1641 1301 1682 verum

204 1712 291 1771 eriam
311 1710 480 1770 arednltitus
500 1709 662 1790 concipiat,
681 1712 869 1790 penitusque,
884 1722 914 1773 et
937 1721 1017 1772 tutus
1037 1712 1076 1772 ad
1096 1732 1163 1774 eum
1185 1733 1301 1777 mesum

204 1803 439 1880 sententiamque
458 1812 662 1882 componatur.
704 1803 773 1861 Non
793 1805 886 1882 quod,
900 1823 968 1876 oum
987 1803 1026 1864 de
1050 1806 1135 1883 Stylo
1152 1807 1301 1882 Auctoris,

205 1895 414 1962 describendi
438 1895 661 1972 meditandique
687 1912 805 1974 genere,
827 1895 865 1956 de
888 1896 1096 1958 sententiarum
1121 1899 1303 1976 pondereet

109 2040 113 2047 .
203 1989 357 2068 gras-itate,
374 1987 413 2048 de
431 1989 533 2051 colore
553 1987 716 2061 Oretiom's,
726 1988 894 2066 ceterisque
907 1988 938 2050 id
952 2009 1045 2067 genus
1058 1990 1202 2070 disputes,
1216 1991 1302 2053 levis·

204 2083 305 2146 ιιιιιιιιι
323 2100 387 2142 eum
408 2079 603 2145 condescendi
621 2081 767 2144 musonem
788 2101 850 2141 esse
864 2081 1051 2156 crediderim,
1065 2093 1118 2144 aut
1130 2084 1230 2162 potius
1242 2105 1303 2146 non

203 2177 234 2236 ιιι
246 2185 283 2235 ea
303 2176 360 2234 vim
375 2174 472 2236 inesse
492 2175 665 2239 nminem:
686 2191 787 2235 verum
811 2195 878 2236 cum
901 2175 940 2243 de
960 2176 995 2236 iis
1012 2177 1041 2246 ιιι
1064 2177 1220 2256 publicum
1241 2179 1303 2254 dis·

165 2273 169 2284 '
203 2261 295 2340 serasj
301 2287 351 2331 ,ee
362 2267 526 2346 disputatio
539 2268 690 2330 auditores
702 2269 835 2346 postulat
854 2268 896 2343 (id
919 2270 1002 2348 qnod
1026 2289 1086 2330 non
1106 2291 1222 2351 semper
1238 2271 1303 2338 fieri

201 2361 289 2435 sciet)
307 2360 414 2423 eodem
435 2360 585 2422 literarum
607 2379 716 2439 genere
733 2361 878 2432 excursos,
899 2359 938 2422 ad
960 2361 1126 2424 istirrsmodi
1150 2365 1248 2426 studia
1269 2373 1303 2426 et

193 2457 301 2525 crisin,
315 2455 448 2531 nuribus,
467 2473 556 2514 sensu
571 2463 603 2515 et
610 2453 729 2531 judicio
740 2453 952 2526 conformatos,
966 2473 1021 2516 usu
1038 2454 1169 2534 deniqne
1187 2458 1300 2530 enerci-

200 2555 291 2618 tatos,
303 2556 441 2624 atqueeo
453 2546 574 2609 demum
588 2546 652 2608 otio
664 2546 861 2618 abundantes,
877 2565 938 2623 quo
952 2547 1015 2626 ipse
1029 2547 1145 2621 frueris,
1160 2552 1214 2626 qui
1225 2550 1300 2612 istos

200 2643 347 2708 ductores
360 2660 379 2702 ι
390 2639 497 2701 teneris
512 2639 681 2718 unguiculis
700 2637 863 2710 edidicisti
884 2649 975 2716 atque
990 2641 1070 2700 iniis
1085 2642 1170 2720 qussi
1184 2661 1298 2722 expen-

201 2732 308 2794 dendis
319 2731 426 2794 fuisses
440 2731 606 2795 innutritus.

203 2851 208 2886 ς
241 2825 422 2901 Quanquam
435 2823 519 2884 istius
532 2823 648 2901 generis
660 2823 753 2884 multe
767 2822 891 2884 tortasse
902 2823 1001 2886 afferri
1012 2825 1193 2902 potuissent3
1208 2839 1299 2908 atque

196 2917 268 2994 jure
279 2915 500 2990 contenderem,
514 2935 560 2976 me
573 2914 721 2994 ingenium
734 2915 892 2988 AEsobinis,
905 2925 936 2976 ct
950 2917 1091 2990 sonitunn
1104 2919 1160 2988 sira
1174 2929 1205 2980 et
1217 2924 1302 2982 vehe-

200 3008 472 3079 nuntiantium
493 3009 558 3086 ipso
581 3007 722 3068 AEschine
744 3009 922 3080 desiderare,
944 3018 1134 3072 veruntamen
1154 3013 1300 3092 populosi

200 3105 300 3184 potius
319 3103 451 3164 oratione
470 3120 557 3180 cgere
580 3101 741 3173 maluerim,
753 3113 846 3180 atque
864 3101 899 3162 iis
919 3104 1101 3182 argumentis
1121 3106 1164 3166 uti
1188 3115 1297 3184 (neque

133 3268 136 3274 ,
199 3215 270 3262 seue
293 3197 331 3261 iis
350 3195 510 3271 destituor)
523 3214 589 3273 que
609 3213 695 3262 censo
716 3193 901 3273 profiteatur,
915 3207 966 3259 aut
980 3197 1129 3272 reclamet,
1144 3217 1176 3258 se
1189 3201 1299 3262 sentire

200 3310 259 3352 non
273 3311 370 3369 posse.
883 3316 886 3331 ·

202 3385 339 3448 Nemo
352 3383 463 3444 bodie'
454 3403 490 3448 ιιι
499 3383 546 3446 Re
560 3350 704 3446 Litereria
716 3387 846 3464 reliquus
861 3397 917 3460 est,
934 3384 985 3465 qui
1007 3386 1214 3448 Demosthenis
1228 3387 1300 3466 Epi-

200 3477 291 3540 stulas
303 3477 459 3547 contiuua,
473 3487 565 3555 atque
586 3477 641 3542 isti
648 3477 761 3542 nomini
770 3490 886 3544 temere
904 3489 1017 3548 assutas
1034 3497 1100 3540 esse
1122 3499 1182 3550 uon
1204 3479 1301 3554 credi·

198 3571 293 3633 derit:
315 3569 402 3630 Adeo
423 3588 573 3648 nunquam
594 3568 741 3638 decere
764 3572 810 3635 vel
830 3571 948 3634 mirritna
967 3571 1113 3630 exstiterit
1133 3571 1302 3642 Dubitutio.

199 3665 375 3725 Fas'tamen
396 3673 456 3724 tam
474 3683 576 3741 presso
596 3662 674 3741 nde
695 3665 829 3744 secernitur¹
846 3665 935 3726 laonio
949 3675 1059 3739 noster,
1074 3675 1107 3724 ut
1124 3665 1243 3743 planum
1264 3667 1304 3725 le·

198 3767 286 3821 ctnro
296 3757 364 3818 fieri
377 3755 483 3835 possit.
498 3757 550 3818 bns
562 3767 644 3820 certe
658 3769 792 3822 escures
804 3777 957 3837 utinquam
971 3757 1071 3828 fuisse,
1084 3757 1116 3816 ni
1135 3757 1194 3816 illae
1213 3769 1302 3820 entes

197 3849 389 3918 esstitisscnt.
439 3847 530 3912 Verbi
553 3852 667 3927 gratia:
702 3849 780 3917 Ques
805 3850 856 3911 ine
888 3849 1236 3918 Pseudo-Demosthenes
1262 3851 1301 3910 de

198 3942 328 4020 Lycurgi
350 3940 449 4002 tiberis
472 3941 657 4019 conscripsit,
681 3943 733 4009 tric,
755 3942 1046 4010 Pseudo-llischines
1074 3943 1194 4022 excipit,
1218 3942 1302 4020 citat,
1363 4007 1368 4022 ¹

179 4045 287 4111 ‚atquo
302 4055 337 4093 eo
352 4044 605 4108 argumentosum
627 4033 750 4094 Civibus
772 4039 831 4106 suis
852 4038 883 4096 in
903 4045 1053 4115 postrema
1075 4035 1210 4114 Epistola
1230 4035 1302 4115 ugit,

196 4128 412 4190 Theramenem
428 4125 494 4197 nte,
508 4124 706 4202 Metanopum
715 4128 783 4200 Hic,
798 4128 938 4188 excitauit
952 4128 1179 4200 obtrectatores,
1193 4128 1243 4206 qui
1266 4127 1303 4186 si-

197 4221 294 4282 milem
308 4221 409 4280 ludum
424 4220 571 4290 luderent,
585 4229 676 4297 etque
688 4221 986 4300 utramqueeasulem
1005 4233 1036 4282 et
1056 4220 1211 4282 absentem
1231 4241 1304 4282 con,

197 4315 282 4375 viciis
301 4315 383 4374 domi
403 4315 573 4376 lacerarent.
616 4315 702 4372 Adeo
713 4313 813 4386 Pecus
831 4313 906 4374 illud
922 4313 1102 4394 Scriptorum
1117 4331 1233 4392 semper
1246 4313 1304 4376 suit
1354 4323 1363 4332 “

199 4407 375 4486 Messenis:
397 4425 502 4488 nequo·
514 4426 550 4466 er
564 4407 622 4469 isto
640 4426 728 4484 grege
744 4409 899 4486 qnisquam
918 4427 1049 4485 unquam
1068 4406 1304 4486 exoneranti,
