3050 4909
478 342 542 411 DE
564 342 783 411 AESOHINE
804 341 1039 411 ORATORE.
1214 352 1319 419 xxxix

204 505 375 590 σρισβιῐοσ,
386 508 453 571 ἀλλ’
465 504 546 577 close
558 508 739 587 ltsrlppore.
776 506 868 571 atiud
888 518 1184 590 argumentumque
1205 515 1318 577 donne.

206 612 263 674 rat,
287 598 519 662 Demosthenem
539 599 662 661 nonium
686 599 861 680 reipublicae
882 601 986 675 fuisse,
1009 602 1069 663 boc
1085 604 1317 684 epiphonemate

206 693 377 757 concludit:
400 695 439 775 (r.
453 693 577 774 Kana-p.
595 701 621 771 5.
636 690 693 773 μεῗ
707 691 773 771 fin.)
786 696 884 769 οὕτως,
896 701 936 765 ὤς
953 694 1035 767 ἔοικε,
1049 702 1158 776 compa
1169 700 1253 780 pieac
1265 726 1315 781 με.

207 788 304 863 γε’λοε
317 786 444 861 ἐξονοῖαε
455 784 662 866 ἐπιλαβομένη,
677 784 818 866 depastae
828 787 1022 870 ἀπεργάζεται
1035 791 1195 871 συμφοράς,
1227 795 1316 875 sq„

206 880 295 941 etiam
310 900 365 959 per
377 882 522 951 ἀντίθετα,
538 898 607 959 ques
621 897 682 939 rem
696 876 930 941 demonstratam
942 881 1074 943 omnium
1087 885 1202 963 optime
1214 886 1316 949 decla·

206 982 284 1047 rana
300 972 465 1052 argumenti
477 972 536 1033 vim
556 970 699 1043 ostendit,
715 980 750 1033 ut
763 991 801 1033 eo
814 973 846 1032 in
865 971 944 1045 loco,
965 974 1019 1033 ubi
1038 974 1182 1038 docuerat
1203 979 1317 1040 Damo-
1426 971 1431 983 ’

206 1068 340 1129 stbeuem
354 1066 443 1127 etiam
456 1084 527 1145 erga
541 1074 685 1144 cognatos
699 1062 791 1125 suisne
805 1064 986 1144 improbum.
998 1065 1085 1143 (ibid.
1100 1078 1124 1146 t.
1138 1068 1205 1147 ris.)
1238 1073 1314 1134 ltem

206 1161 288 1234 alibi,
302 1160 355 1222 ubi
368 1158 520 1219 'limarcbi
533 1158 623 1217 vitam
637 1156 849 1218 aconscientia
862 1168 895 1219 et
908 1157 1087 1238 prejudicio
1094 1160 1233 1237 judicum
1249 1167 1315 1227 cul·

206 1263 303 1335 parat,
316 1253 471 1315 evidenter
484 1251 528 1312 sic
542 1250 656 1329 colligit
668 1270 814 1311 summam
825 1252 1010 1329 argumentis
1035 1254 1074 1332 (a.
1087 1255 1216 1336 Τψάρχ.
1230 1263 1254 1332 t.
1266 1260 1313 1319 ις’.

206 1348 274 1425 fin.)
283 1352 383 1409 οὐκοῦν
389 1346 495 1408 ἄτοπον
505 1346 544 1405 ἂν
552 1347 607 1417 εἴη’,
616 1338 806 1417 ai'Adrpraioa,
815 1346 839 1403 al
849 1344 938 1425 μηδὲν
944 1343 999 1425 μὲν
1006 1345 1076 1426 ipsi
1085 1351 1224 1424 λέγοντος
1234 1354 1315 1413 obrui

206 1441 296 1519 βοᾶτε
316 1446 369 1514 τὴν
386 1441 550 1519 ἐπωνυμίαν
562 1446 620 1499 τῶν
631 1436 734 1517 ἔργων,
750 1434 791 1501 du
809 1438 922 1499 σιίνιιπε
940 1438 1037 1521 τοΰνγ·
1050 1439 1120 1520 ipsis
1133 1440 1163 1501 δὲ
1176 1446 1317 1519 λέγοντος

206 1538 386 1609 ἐπιλέλησθε·
400 1534 446 1592 καὶ
457 1535 497 1613 μὴ
507 1534 663 1612 γενομένης
676 1530 729 1612 μὲν
742 1532 860 1613 κρίσεως
872 1531 920 1591 tri
936 1538 987 1593 rosi
999 1532 1180 1614 apd-spurce,
1191 1540 1252 1608 ἥλω
1264 1539 1315 1600 ἄν·

206 1630 363 1707 γεγονότος
377 1624 406 1687 δὲ
420 1626 752 1706 ἐλέγχονᾶποφεύξιται.
794 1624 884 1685 Sexta
895 1624 991 1687 vitius
1011 1634 1068 1698 eal,
1088 1628 1141 1688 ubi
1154 1630 1314 1693 multotum

206 1728 445 1802 argumentorum
466 1738 520 1799 per
540 1722 792 1801 ἀνακεφαλαίωσιν
813 1718 983 1780 memoriam
1005 1730 1138 1793 renovat,
1153 1732 1187 1782 ut
1205 1723 1313 1791 bucin

205 1816 275 1877 loco
298 1818 339 1891 (a.
356 1813 479 1894 qucrp.
500 1822 526 1891 ς.
543 1812 593 1888 ιγ’.
614 1811 704 1889 med.)
724 1810 927 1893 ἀναμνήσθητι
946 1812 980 1885 dri
992 1846 1034 1861 ···
1046 1818 1214 1897 γεγραφότα
1228 1840 1238 1888 3
1260 1820 1313 1879 Se·

205 1908 301 1989 ptima
314 1916 345 1969 et
366 1916 475 1969 octava
488 1906 593 1985 virtus,
607 1924 676 1967 cum
688 1905 842 1967 conclusis
856 1907 1036 1985 argumentis
1049 1906 1166 1982 αὔξησιν
1177 1919 1209 1970 et
1221 1908 1316 1981 πάθος

204 2003 299 2065 addit.
340 2002 505 2081 Postquam
518 1999 663 2061 docuerat
678 1998 914 2062 Demosthenem
925 2000 1057 2081 ἄρχοντα
1077 2004 1124 2063 ἐπὶ
1139 2014 1197 2065 νῦν
1217 2009 1317 2085 dropa-

203 2098 369 2171 coaluisse,
384 2100 497 2171 αὐξήσει
515 2095 618 2169 utitur,
632 2103 664 2157 et
680 2095 769 2173 (ibid.
781 2096 805 2165 §-
819 2096 872 2175 ιοί.)
885 2095 966 2157 bunc
986 2094 1189 2177 maqistratum
1203 2100 1313 2161 multos
1362 2087 1367 2095 ¹

202 2193 279 2253 alios
293 2188 545 2271 comprehendere
558 2188 747 2250 demonstrat
778 2188 881 2257 Πόθος
894 2189 1055 2251 admiscuit
1066 2201 1099 2252 et
1110 2191 1198 2270 (ibid.
1212 2201 1237 2272 ς.
1249 2197 1313 2273 μή.)

203 2285 414 2346 Thebanorum
434 2282 618 2343 calamitates
636 2281 732 2342 oculis
747 2280 886 2357 judicum
907 2281 1047 2359 subjecit,
1066 2293 1226 2362 postquam
1249 2286 1313 2347 De·

203 2378 387 2439 mostuenem
399 2375 551 2437 Thebanis
564 2384 715 2436 auctorem
731 2372 803 2433 belli
817 2374 910 2433 titisse
924 2374 1049 2437 dixerat.
1089 2376 1152 2446 Qui
1169 2395 1241 2455 ergo
1258 2397 1313 2439 au·

202 2472 316 2534 ditores
338 2477 496 2550 praeparat,
514 2467 595 2529 varie
617 2474 792 2547 argumenta
811 2476 940 2527 tractare
957 2468 1073 2547 incipit,
1092 2468 1232 2529 inchoata
1244 2470 1314 2533 *late

202 2565 343 2645 explicat,
357 2560 518 2623 adversarii
532 2559 632 2621 verbis
645 2560 741 2640 ipsum
756 2558 843 2638 petit,
856 2560 1078 2622 conclusionem
1093 2569 1195 2641 urget,
1206 2562 1311 2643 dispu.
1417 2574 1420 2588 ·

201 2667 331 2720 tatarum
341 2656 512 2717 memoriam
526 2663 661 2731 renomt,
673 2653 875 2715 demonstrata
888 2663 979 2735 auget
988 2664 1020 2715 et
1029 2655 1121 2723 πόθοι
1133 2654 1227 2727 addit,
1239 2676 1310 2737 qum

200 2752 301 2815 omnia
313 2749 386 2811 lecit
400 2748 565 2821 AEscbines,
579 2746 605 2808 is
619 2744 757 2826 profecto
768 2747 957 2828 populariter
966 2746 1084 2810 videtur
1097 2747 1285 2829 persuadere.

624 2952 799 3021 SEGT.
841 2954 888 3022 V.

655 3090 707 3153 De
720 3055 863 3155 moribus

240 3226 356 3297 blores,
379 3222 431 3303 qui
444 3222 484 3283 ad
501 3219 724 3302 persuasionem
737 3220 864 3281 multum
877 3220 1047 3301 conferunt,
1061 3233 1132 3285 sunt
1147 3226 1194 3285 vel
1206 3234 1306 3285 orato-

198 3320 251 3391 ris,
264 3319 312 3379 vel
323 3315 478 3388 auditoris,
492 3315 540 3376 vel
552 3332 667 3385 eorum,
682 3312 735 3392 qni
748 3314 882 3375 oratione
895 3323 1069 3377 tractantur.
1111 3317 1306 3397 Permsgnum

197 3414 277 3475 enim
292 3409 419 3473 oratoris
432 3408 564 3479 interest,
577 3406 708 3485 aliquam
728 3406 759 3465 in
773 3407 963 3469 auditoribus
974 3408 1015 3469 de
1026 3428 1059 3469 se
1071 3410 1240 3489 opinionem
1252 3421 1307 3472 aut

197 3506 338 3576 excitare,
352 3511 407 3564 aut
426 3511 602 3580 conceptam
615 3496 804 3561 confirmare.
845 3500 891 3561 Ea
903 3519 961 3581 pro
973 3502 1113 3563 varietme
1125 3506 1305 3584 argumenti,

197 3599 281 3679 quod
297 3596 432 3659 oratione
445 3594 621 3674 explicatur,
632 3592 713 3653 rada
725 3610 792 3653 esse
804 3590 906 3654 debet.
928 3592 1022 3654 ·Nam
1037 3594 1187 3656 suadentis
1202 3595 1311 3676 impri-

196 3692 253 3753 mis
266 3698 420 3771 spectatnr
433 3686 604 3768 prudentia,
616 3685 720 3760 virtus,
733 3695 766 3747 et
786 3686 992 3747 benevolentia
1005 3706 1075 3767 erga
1092 3686 1305 3753 deliberantes.

196 3787 275 3857 Quis
291 3786 370 3846 enim
383 3803 453 3846 eum
467 3782 614 3854 consulat,
630 3780 683 3861 qui
698 3780 762 3862 ipse
775 3799 830 3861 per
842 3780 1069 3859 imprudentiam
1084 3793 1116 3844 et
1128 3783 1305 3863 imperitiam

195 3880 354 3945 consulere
360 3897 422 3940 non
432 3878 555 3957 potestl
575 3878 638 3937 Ant
652 3876 720 3956 quis
732 3874 881 3936 bominem
891 3875 1058 3955 improbam
1067 3886 1219 3939 auctorem
1232 3898 1308 3942 con·

196 3973 330 4035 siliarum
342 3981 373 4033 et
387 3971 535 4033 factorum
547 3988 678 4043 suornm,
691 3977 745 4029 aut
759 3967 910 4031 inimicum
924 3968 1099 4051 participem
1107 3970 1305 4049 cogitatorum

195 4066 297 4141 saciat,
315 4065 406 4146 eique
427 4062 566 4126 suadenti
588 4061 679 4123 fidem
699 4060 830 4123 babeati
850 4062 1014 4122 Accusanti
1037 4064 1252 4137 mansuetudo,
1263 4065 1308 4126 le·

196 4160 276 4221 nitas
289 4168 322 4221 et
335 4158 508 4239 simplicitas
523 4156 672 4219 convenit.
714 4154 874 4215 Hominem
887 4155 965 4215 anim
987 4155 1172 4235 εονηγοριοὸν
1183 4167 1216 4217 et
1226 4161 1309 4239 φιλο·

195 4254 353 4335 σριίγμονιι
365 4260 396 4313 et
412 4248 591 4334 συκοφάντην
605 4247 740 4328 quilibet,
755 4248 808 4327 qui
826 4268 909 4310 suam
927 4248 1118 4309 securitatem
1130 4258 1161 4310 et
1176 4250 1307 4329 quietem

195 4355 290 4426 amat,
313 4345 385 4409 odio
404 4344 528 4425 dignum
547 4354 580 4405 et
602 4348 777 4421 suspectum
796 4340 931 4419 judicat.
967 4340 1154 4403 Laudantem
1178 4342 1309 4404 verimtis

197 4439 329 4503 studium
341 4446 375 4501 et
387 4436 541 4518 integritas
553 4436 593 4499 ab
603 4434 775 4519 adulatione
788 4433 988 4495 commendat
1032 4434 1251 4496 Defendentem
1262 4434 1309 4495 in·

195 4534 346 4609 nocenda,
364 4530 501 4614 probitas
519 4539 551 4592 et
572 4527 736 4593 moderatio
755 4527 945 4609 probabilem
958 4526 1068 4591 reddit.
1109 4528 1173 4589 llas
1187 4525 1312 4589 virtutes
