3050 4909
227 352 291 417 372
499 343 739 447 PRAEFATIO
763 346 828 412 AD
852 344 1050 411 SCHOLIA

227 510 395 582 laudarunt,
410 528 536 587 cumque
556 509 606 568 edi
622 530 655 570 se
668 508 744 570 velle
766 529 828 588 pras
844 510 1030 571 retulerunt.
1073 506 1136 578 Qui
1153 506 1263 585 judicii
1278 508 1326 569 sui

227 625 294 664 cum
308 602 396 662 fidem
411 602 610 672 sustinebunt,
626 610 688 661 tum
711 622 811 680 operm
829 622 847 661 a
867 622 914 661 me
935 601 965 661 in
984 620 1021 661 eo
1044 600 1162 660 edendo
1177 614 1328 680 susceptas

227 696 370 755 vindicias
389 696 583 774 praestabunt.
624 696 794 755 Cernebant
809 694 921 755 scilicet
935 694 989 755 viri
1003 694 1045 753 illi
1060 694 1142 754 docti
1157 713 1259 773 sparsa
1273 714 1330 773 per

227 791 307 849 hunc
321 788 514 847 Scholiastam
529 788 591 848 auri
605 787 743 866 quaedam
757 797 900 858 ramenta,
912 807 948 846 ex
962 786 1018 846 illis
1033 786 1237 847 vetustissimis
1251 796 1329 847 mm-

226 882 348 961 poribus
362 884 516 957 Augtssteo
525 900 588 938 aevo
602 882 679 940 ultro
688 881 801 941 citrove
815 879 956 956 finitimis,
970 880 1145 957 nescioquo
1159 900 1240 952 casu,
1255 898 1329 939 coo·

227 974 370 1034 serrata!
398 974 474 1041 Qua
489 992 567 1043 cum,
578 983 612 1031 ut
626 992 679 1051 par
692 983 767 1044 erat,
780 972 955 1032 mirarentur
966 982 1057 1051 atque
1068 974 1330 1051 amplecterentur,

222 1066 329 1143 judicii
346 1067 471 1145 quadam
486 1064 671 1124 festinatione
680 1065 792 1143 reliqua
807 1084 928 1143 quoque
941 1065 1039 1124 omnia
1053 1064 1097 1123 his
1112 1064 1185 1124 raris
1196 1074 1227 1125 et
1240 1064 1330 1124 facile

225 1159 412 1219 numerandis
427 1157 595 1235 fragmentis
610 1158 714 1215 similia
729 1178 793 1216 esse
808 1156 1037 1236 suspicabantur
1049 1158 1140 1235 magis
1155 1167 1245 1235 atque
1260 1177 1329 1237 spe-

225 1252 343 1323 rabunt,
363 1269 450 1326 quam
473 1258 555 1308 certo
576 1248 721 1307 sciebant.
765 1249 803 1307 Et
818 1250 904 1308 ualde
923 1268 1037 1319 vereor,
1059 1268 1096 1308 ne
1115 1249 1198 1309 brevi
1218 1250 1280 1321 fiat,
1296 1258 1332 1309 ut

226 1344 346 1403 exsistat
365 1342 409 1400 vir
428 1341 545 1413 doctus,
561 1340 793 1399 Scholiastarum
811 1350 841 1401 et
863 1341 1151 1419 Lexicographosum
1166 1341 1329 1415 familiaris,

227 1436 279 1515 qui
293 1436 342 1495 illa
356 1435 420 1512 ipsa
442 1433 561 1503 decora,
577 1452 645 1509 quse
659 1452 738 1493 nuuc
757 1431 878 1511 propria
898 1442 999 1493 nostro
1013 1432 1202 1508 Scholiasta,
1216 1436 1329 1496 indicta

225 1530 322 1589 adhuc
338 1537 368 1585 et
382 1527 514 1601 ignorata
528 1544 658 1603 prorsus,
672 1536 703 1584 et
716 1545 861 1603 nusquam
880 1524 1012 1585 locorum
1033 1526 1212 1603 reperiunda
1231 1529 1329 1589 credi-

226 1642 301 1693 mus,
317 1639 354 1677 ex
368 1619 477 1694 angulo
491 1617 592 1676 nescio
614 1618 702 1695 cujus
722 1618 824 1678 Lexici
847 1627 899 1678 aut
919 1618 1114 1678 Grammatici
1128 1618 1241 1681 dudum
1255 1622 1329 1682 editi

226 1721 320 1784 eruat,
333 1708 505 1786 dudumque
521 1708 601 1768 edita
623 1718 654 1768 et
673 1709 762 1770 obvia
785 1710 968 1771 demonstret
988 1730 1022 1771 ea
1042 1729 1117 1784 esse,
1131 1732 1256 1791 quorum
1271 1734 1326 1775 uos

225 1807 308 1868 stulti
322 1804 482 1864 nouitatem
502 1814 637 1882 capreoe
650 1807 779 1876 &edema
794 1812 945 1883 stupentes
960 1822 1142 1865 veneramur.
1184 1806 1230 1865 Tu
1245 1826 1326 1879 vero,

225 1902 277 1973 ait,
292 1918 346 1961 cur
358 1896 477 1981 delectu
490 1916 550 1956 non
559 1916 590 1955 es
601 1897 688 1955 ususl
710 1896 852 1957 Proiecto
862 1898 991 1957 seculum
1007 1898 1064 1958 hoc
1077 1898 1194 1976 ignoret
1206 1918 1328 1959 necesse

226 2004 281 2065 est,
296 1993 346 2074 qui
360 2002 469 2071 speret,
481 2000 515 2050 ut
535 2012 552 2049 e
572 1991 748 2050 membranis
767 2000 923 2069 excerptas
941 1993 1083 2070 quasdam
1097 1994 1214 2054 notulas
1231 1994 1329 2074 prole-

226 2108 294 2147 reus
304 2084 412 2163 judicii
427 2086 472 2143 sui
484 2083 636 2143 veritatem
648 2082 785 2143 omnibus
797 2083 954 2161 approbet.
979 2086 1090 2165 Operae
1105 2087 1231 2165 pretium
1245 2087 1327 2148 haud

226 2180 328 2240 saciet.
356 2176 513 2237 Prolaude
527 2174 660 2254 quereias
675 2175 785 2248 audiet,
799 2196 858 2235 nou
869 2182 1106 2255 paucorum,'sed
1118 2189 1203 2237 certo
1216 2180 1327 2241 certius

227 2275 364 2333 omnium.
406 2272 592 2348 consurgent
605 2271 635 2329 in
649 2290 726 2343 eous,
735 2278 766 2329 et
774 2270 1025 2345 consiliabuntur,
1039 2272 1191 2332 fraudatos
1205 2294 1235 2333 sc
1248 2274 1327 2353 opti·

227 2388 272 2427 ma
288 2376 389 2447 parte3
412 2365 554 2425 editorem
574 2362 695 2441 judicio
714 2364 856 2436 caruisse,
877 2374 907 2424 et
927 2365 1004 2423 mala
1017 2363 1077 2423 fide
1099 2384 1198 2426 secum
1221 2368 1325 2446 egisse,

225 2480 318 2539 nugas
344 2457 521 2538 prodidisse,
546 2457 719 2517 lectissimas
742 2476 877 2537 quasque
907 2457 1128 2519 observationes
1151 2460 1327 2522 occultasse.

227 2556 289 2615 Cur
302 2572 360 2613 non
374 2560 469 2611 totum
484 2550 587 2609 dedist
620 2552 697 2619 Quae
714 2550 797 2610 illum
814 2551 1020 2629 intemperioe'l
1048 2552 1225 2615 Absentium
1239 2555 1326 2621 fama.

225 2648 475 2723 incompertorum
489 2643 591 2721 opinio
603 2642 764 2721 semipsum
780 2644 955 2722 plerumque
968 2646 1042 2704 solet
1056 2645 1208 2707 excedere.
1230 2648 1327 2725 Suspi-

227 2739 326 2798 ciones
342 2737 429 2816 igitur
443 2736 507 2807 has,
522 2754 596 2813 quas
610 2734 719 2795 esitare
733 2754 793 2793 uon
807 2734 979 2814 potuissem,
994 2744 1026 2795 ut
1040 2735 1218 2816 jugularem,
1232 2751 1263 2799 et
1276 2758 1326 2799 vo·

225 2830 307 2891 cuias
323 2826 528 2887 malevolorum
539 2833 573 2884 ut
585 2826 791 2903 opprimerem,
803 2826 900 2900 malui,
909 2846 976 2887 cum
986 2847 1145 2907 paucarum
1157 2832 1324 2892 chartarum

222 2922 353 2999 jactura,
364 2928 458 2978 totum
471 2918 655 3000 opusculum,
667 2918 756 2996 quale
770 2918 858 2997 quale
870 2931 925 2993 est,
940 2922 1000 2981 luci
1009 2930 1039 2981 et
1047 2921 1164 2999 judicic
1178 2926 1324 3005 cujusque

227 3032 386 3093 exponere,
401 3010 583 3090 publicoque
596 3010 723 3070 examini
737 3011 864 3073 tradere.

229 3104 236 3117 “
265 3105 449 3184 Apographa
462 3103 565 3163 horum
579 3103 757 3163 scholiorum
781 3105 1000 3183 quodammodo
1020 3108 1076 3167 tris
1097 3128 1186 3188 penes
1206 3131 1252 3173 me
1266 3112 1327 3173 sue·

229 3206 306 3272 runt,
319 3199 500 3269 Oxouiense,
516 3197 757 3275 Ultrajectiuum‚
773 3198 981 3277 Tayloranum.
1023 3202 1123 3262 Audio
1132 3204 1221 3263 etiam
1236 3224 1326 3283 penes

227 3294 407 3361 Reimarum,
420 3292 524 3362 virum,
536 3310 603 3349 cnm
621 3298 796 3368 superesset,
816 3290 853 3352 de
873 3292 964 3353 literis
983 3293 1093 3373 optime
1111 3297 1256 3369 meritum,
1271 3296 1327 3357 mei

225 3384 467 3454 amantissimum,
482 3382 573 3442 fuisse
593 3384 806 3461 apographum.
850 3384 909 3444 Sed
926 3387 1022 3446 omnia
1040 3387 1090 3447 illa
1111 3410 1148 3449 ex
1167 3408 1228 3449 urso
1245 3389 1327 3450 fonte

226 3484 393 3549 manarunt,
407 3475 492 3546 libro,
503 3475 556 3553 qui
567 3474 695 3535 Eduardi
708 3471 850 3535 Bernardi
860 3476 930 3537 olim
944 3478 1010 3552 luit,
1022 3498 1099 3540 nuuc
1113 3490 1158 3541 est
1172 3482 1201 3541 iu
1214 3482 1327 3543 Biblio-

226 3571 315 3631 theca
328 3568 489 3629 Bodleiana
502 3568 622 3627 Oxonii.
637 3586 725 3645 quem
735 3568 823 3628 toties
837 3569 909 3629 citat
921 3570 1044 3650 Taylor,
1057 3573 1152 3633 ΒΜ.
1165 3574 1327 3653 appellans.

227 3664 347 3724 Dicitur
361 3662 388 3722 ei
401 3659 501 3720 codici
516 3659 662 3738 Iosephus
676 3658 810 3739 Scaliger
828 3660 859 3720 e't
877 3661 927 3721 illa
940 3662 1061 3736 scholia,
1076 3674 1107 3723 et
1119 3666 1212 3725 sarim
1227 3666 1327 3727 lectio

225 3776 288 3829 nes,
303 3753 380 3814 haud
396 3762 512 3813 constat
524 3750 603 3811 unde
618 3750 736 3830 petitas,
755 3760 788 3811 et
806 3751 993 3830 conjecturas
1007 3755 1146 3834 denique,
1164 3766 1214 3817 aut
1232 3778 1328 3820 emen-

227 3848 362 3909 dationes
373 3865 442 3907 suas
452 3844 653 3924 adscripsisse.
682 3844 793 3904 Aldina
806 3854 851 3906 est
864 3846 957 3907 editio
968 3848 1129 3909 Oratornm
1139 3850 1326 3913 Gracomm.

260 4017 275 4046 ⁸
287 4014 424 4074 cujusmodi
439 4020 631 4062 commentatores
642 4012 666 4061 iu
677 4012 813 4061 AEscbinsm
826 4019 941 4072 vetustos,
952 4016 1007 4063 sort.
1019 4016 1124 4072 ecsslsm.
1135 4032 1194 4081 quos
1204 4019 1228 4067 iu
1240 4022 1327 4069 Demo-

227 4080 342 4133 sthenem,
351 4078 406 4125 olirc
417 4079 546 4135 exstitisse,
563 4084 662 4126 testatur
672 4078 726 4133 hcc,
741 4080 804 4139 quod
825 4078 967 4128 Scholiastes
978 4086 1058 4128 noster
1074 4098 1099 4143 p.
1111 4086 1167 4131 105.
1186 4084 1329 4147 antepenult.

228 4144 352 4206 Aspasium
362 4158 393 4191 ex
403 4142 448 4191 hoc
459 4158 553 4190 numero
564 4144 652 4191 laudat.
684 4142 779 4190 Scholia
789 4145 818 4190 sd
834 4144 922 4205 primas
939 4146 998 4192 duas
1014 4146 1140 4203 orationes,
1159 4150 1285 4211 praserti-
1297 4150 1328 4196 erl

226 4209 393 4264 'dinarchum
404 4208 563 4269 praestantiora
572 4216 635 4264 suut,
644 4208 764 4256 deteriora
775 4216 799 4255 et
808 4208 933 4257 admodum
942 4212 1025 4271 lalana
1034 4211 1065 4257 ad
1077 4218 1225 4275 postremam.
1250 4216 1326 4263 Ambo

227 4274 363 4323 Scholiasta
374 4279 420 4319 tam
429 4274 458 4318 B.
470 4288 538 4334 quam
549 4272 586 4340 bl.
596 4287 626 4319 ex
636 4288 680 4319 unc
693 4274 820 4333 eodemque
830 4274 1019 4335 antiquiorssunt
1027 4278 1142 4339 excerpti,
1153 4278 1178 4324 id
1188 4278 1249 4340 quod
1261 4285 1328 4341 patet

228 4358 242 4387 c
258 4339 329 4386 dictis
345 4338 373 4385 ad
391 4353 414 4398 p.
434 4340 475 4386 to.
491 4336 509 4384 l.
525 4340 550 4384 6.
563 4352 587 4384 r.
602 4338 709 4397 σφηποῖ.
742 4336 820 4387 Multa
835 4339 947 4386 verbatim
962 4356 976 4387 s
993 4340 1099 4398 Polluce,
1111 4344 1228 4405 Harpocr.
1247 4342 1331 4399 Snida,

195 4426 199 4433 ·
227 4404 290 4459 aliis,
301 4402 417 4449 translata
435 4416 572 4463 quamquam
582 4401 632 4449 lieri
646 4402 730 4461 possit,
740 4410 767 4449 ut
781 4417 810 4449 sx
824 4402 861 4450 his
872 4403 972 4453 Scholiis
982 4406 1136 4455 suctoresilli
1146 4406 1261 4455 interdum
1272 4422 1329 4467 pus·

228 4470 274 4515 siut
284 4467 408 4514 emendari.
420 4467 464 4513 slis
474 4466 535 4512 teris
544 4474 606 4520 suut,
615 4464 660 4512 alis
668 4465 754 4526 iutilia,
762 4466 883 4525 trslstitis,
892 4467 980 4531 inepta,
991 4470 1097 4531 nugacis,
1104 4472 1150 4521 slis
1160 4472 1250 4533 liquido
1259 4472 1328 4527 salsa,

227 4532 272 4579 alia
282 4548 382 4581 crassam
393 4530 535 4592 antiquitatis
547 4530 687 4593 imperitiam
699 4530 830 4591 prodentia.
