3050 4909
193 336 217 401 u
488 334 517 403 1.
541 335 569 403 r.
591 335 633 403 a.
660 338 725 404 an
748 336 1004 408 AEsoumnu

192 497 324 559 civilium
341 496 535 578 gerendarum
555 500 693 579 peritum,
706 500 829 563 doctum
850 502 959 584 ipsum,
972 512 1003 565 et
1023 502 1178 565 doctorum
1193 523 1296 566 aman-

192 598 262 665 tem,
277 592 486 673 literarumque
499 594 693 655 ornandorum
714 596 890 669 studiosum,
904 618 941 657 er
958 598 1006 659 illa
1021 598 1145 676 epistola
1157 598 1294 678 iutelligi-

193 688 304 762 1553)
327 684 478 747 AEsohinia
504 685 564 747 vita
581 688 626 765 (p.
640 692 690 749 10.
712 688 760 749 ed.
789 695 923 765 nostrae.)
961 691 995 766 3)
1017 691 1168 769 Apollonii
1186 691 1294 769 praefa-

193 782 305 841 tionem
318 784 361 860 (p.
369 783 435 857 11.)
448 783 480 857 4)
493 790 696 861 argumentum
709 782 740 841 iu
753 782 958 871 Timarchespr
972 788 1015 863 (p.
1029 787 1092 858 17.)
1111 786 1144 859 5)
1161 783 1241 844 aliud
1262 785 1294 844 in

191 872 317 935 eandem
330 878 372 955 (p.
385 877 450 949 19.)
466 876 497 950 6)
511 893 622 953 argum.
636 872 721 936 inor.
735 878 797 955 περὶ
812 882 994 958 παραπρμφ.
1010 880 1091 952 185.)
1103 882 1135 951 1)
1144 881 1208 955 cept
1222 880 1293 938 srd-

190 990 263 1036 cene
282 974 332 1030 rori
353 971 425 1029 κατὰ
447 978 635 1051 κτησιφῶντος
655 972 745 1045 λόγου
769 974 812 1049 (p.
827 975 896 1032 1153.
911 971 994 1050 pen.)
1035 975 1067 1045 8)
1086 982 1291 1050 argumentum

188 1068 263 1120 orat.
276 1060 307 1121 in
322 1060 547 1142 Ctesiphontem
561 1064 604 1141 (p.
613 1064 696 1134 348.)
708 1062 824 1139 Horum
844 1063 1067 1142 opusculorum,
1080 1063 1132 1123 illa
1151 1075 1291 1144 quatuor,

190 1172 258 1232 quae
273 1152 740 1231 55551153.1..4.515.551151,
761 1154 908 1217 Henricus
929 1158 1109 1237 Stephanus,
1127 1159 1216 1238 lapsu
1230 1179 1291 1219 me·

190 1247 293 1309 moriae
314 1247 508 1328 praeterridit‚
523 1268 590 1309 oum
612 1247 683 1307 dere
705 1248 860 1329 voluisset,
882 1250 1003 1311 oblitus.
1045 1252 1107 1311 Cur
1122 1253 1201 1312 enim
1222 1253 1291 1312 haec

190 1343 253 1401 sola
266 1341 421 1413 omisisset,
436 1342 489 1419 qui
502 1340 617 1419 reliqua
636 1338 726 1417 hujus
746 1339 850 1404 farinae
873 1343 1017 1422 opuscula
1035 1343 1190 1405 reddiditt
1210 1346 1244 1406 P.
1258 1352 1292 1409 7.

188 1433 307 1495 demum
321 1434 454 1515 corporis
468 1432 571 1493 Aldini
586 1431 693 1512 incipit
706 1434 800 1494 oratio
812 1434 841 1494 in
853 1434 1055 1509 Timarchum,
1069 1436 1236 1516 procedens
1249 1437 1291 1497 ad

187 1545 219 1606 p.
234 1532 284 1589 31).
298 1526 367 1587 inde
378 1526 417 1587 ad
431 1546 463 1607 p.
476 1533 526 1588 53.
541 1526 650 1605 legitur
663 1526 758 1589 oratio
773 1525 811 1587 de
824 1526 898 1590 seha
911 1530 1072 1609 legatione.
1112 1530 1147 1589 ln
1161 1530 1249 1610 cujus
1259 1538 1290 1590 et

187 1618 330 1679 orationis
343 1626 375 1679 et
387 1618 503 1699 pagium
518 1618 598 1679 exitu
611 1618 720 1697 legitur
740 1616 950 1701 fragmentum,
969 1623 1071 1682 nescio
1085 1622 1172 1701 cujus
1189 1643 1290 1701 gram-

98 1764 106 1773 .
186 1711 288 1773 matici
301 1711 542 1773 annotatiuncula
556 1712 693 1773 aWoliio
704 1720 735 1773 et
749 1714 914 1794 Stephano,
924 1716 1050 1795 ipsoque
1061 1716 1138 1776 adeo
1151 1717 1292 1796 Tsyloro,

186 1805 348 1886 praeterite,
366 1824 384 1865 a
403 1822 451 1864 me
465 1794 582 1865 reddita
600 1824 631 1884 p.
648 1812 719 1869 353.
733 1798 813 1867 mese
829 1800 980 1868 editionis.
995 1810 1022 1867 Α
1036 1828 1066 1888 p.
1080 1813 1130 1867 53.
1150 1808 1292 1869 editionis

186 1897 306 1963 Aldinae
320 1918 385 1960 orsu
400 1896 495 1962 oratio
509 1898 539 1958 in
555 1898 779 1977 Ctesiphontem
794 1900 946 1980 procurrit
959 1920 1054 1979 usque
1068 1900 1106 1960 ad
1127 1922 1159 1979 p.
1176 1907 1227 1961 85.
1248 1902 1289 1962 Α.

185 2012 219 2072 p.
240 1998 291 2054 86.
313 1989 460 2071 incipiunt
478 1988 629 2051 orationes
647 1990 745 2071 Lysiae
768 1991 920 2071 usquead
941 2011 973 2071 p.
994 2000 1066 2058 177.
1090 2001 1289 2055 excurrentes.

185 2085 310 2159 Eadem.
324 2102 413 2165 quam
427 2082 519 2145 modo
531 2082 603 2155 diri,
619 2084 727 2164 pagiua
741 2083 844 2163 incipit
858 2083 1075 2144 Alcidamautis
1089 2082 1223 2154 ὀδυσσεῦς
1237 2110 1288 2145 κα-

184 2184 221 2243 τὰ
235 2178 430 2261 55515μῇ15555,
444 2174 608 2259 προδοσίας.
621 2196 652 2257 p.
670 2183 737 2237 180.
752 2177 860 2256 legitur
871 2176 1056 2239 Antisthenis
1071 2177 1161 2256 Ajax,
1171 2199 1203 2259 p.
1219 2187 1289 2241 181.

184 2271 320 2353 ejusdem
340 2270 472 2353 Ulyssea,
491 2288 524 2349 p.
544 2276 615 2333 184.
656 2268 806 2333 Demades
825 2272 887 2350 πιρ1
899 2284 950 2343 τῆς
964 2268 1155 2339 δωδεκαετίας.
1171 2292 1202 2352 p.
1219 2280 1290 2342 185.

185 2364 316 2447 denique
338 2362 491 2445 usquead
513 2382 544 2444 p.
564 2370 629 2428 197.
653 2382 722 2445 quse
741 2362 830 2444 primi
851 2364 940 2443 hujus
953 2364 1224 2442 Aldiniroluminis
1243 2376 1290 2427 est

185 2460 298 2534 ultima,
318 2458 425 2541 legitur
446 2456 504 2517 vita
527 2456 623 2537 Lysia
647 2476 665 2517 a
691 2456 836 2539 Dionysio
858 2458 1085 2519 Halicarnasseo
1109 2459 1290 2538 conscripta.

185 2541 356 2617 Secundum
378 2550 513 2612 volumen
536 2549 677 2611 'Aldinum
697 2551 764 2609 haec
786 2549 886 2611 habet.
921 2555 952 2625 l)
972 2550 1139 2610 Audocidis
1159 2562 1290 2630 quatuor

184 2642 345 2706 orationes.
370 2646 403 2717 3)
417 2640 486 2701 Isoei
499 2640 615 2702 decem.
644 2646 675 2717 3)
691 2640 833 2702 Dinarchi
848 2649 925 2716 tres.
946 2643 979 2716 4)
995 2642 1188 2720 Antiphontis
1202 2644 1289 2723 quin.

185 2737 293 2799 decim.
313 2736 346 2814 5)
367 2732 495 2816 Lycurgi
516 2752 614 2794 uuam.
635 2735 668 2810 8)
682 2733 807 2811 Gorgiae
826 2753 913 2793 unam
928 2752 983 2812 pro
997 2733 1164 2797 Palamede.
1185 2738 1290 2813 7)1.5-

183 2828 335 2895 ehonactis
349 2827 432 2889 duas.
453 2828 485 2902 8)
504 2824 630 2887 Herodis
643 2844 741 2898 unam,
757 2826 861 2905 inane
874 2824 941 2886 tiuit
954 2826 1020 2886 haec
1037 2836 1186 2889 oratorum
1202 2830 1289 2890 Grae·

185 2942 288 2986 corum
303 2919 411 2981 aldina
424 2917 559 2979 collectio
580 2936 611 2997 p.
625 2922 696 2979 181.
712 2938 801 2997 quam
816 2918 944 3007 recudit,
959 2928 993 2979 ut
1010 2920 1100 2999 paulo
1114 2930 1185 3000 post
1197 2922 1289 3000 pluri·

184 3016 241 3079 bus
254 3016 381 3092 dicetur,
395 3010 542 3072 Henricus
562 2998 739 3091 stephanis,
752 3010 855 3072 ordine
868 3011 986 3090 paulum
1006 3012 1171 3086 immutato,
1190 3024 1223 3074 et
1235 3016 1290 3074 im·

182 3104 306 3184 memor,
327 3106 437 3188 proter
456 3104 533 3165 hanc
551 3102 756 3167 collech'euem
778 3112 930 3167 oratorum
949 3105 1127 3167 Grecom
1146 3106 1187 3167 'ah
1208 3109 1288 3169 Aldo

183 3210 327 3275 curatam,
340 3198 441 3261 adhuc
463 3216 527 3259 esse
549 3197 646 3270 aliam,
661 3198 724 3261 siae
739 3218 801 3279 qna
816 3197 868 3259 iila
888 3198 1038 3278 superior,
1057 3200 1096 3261 de
1110 3220 1171 3281 qua
1188 3202 1287 3265 adhue

182 3295 321 3371 diximus,
344 3290 523 3375 imperfecta
547 3300 594 3353 est
618 3291 767 3355 habenda.
816 3292 895 3354 Sunt
917 3292 1051 3354 enimin
1073 3292 1288 3357 1555555555

182 3388 361 3451 collectione
383 3383 525 3447 nonnulla
547 3384 694 3465 opuscula
714 3384 878 3448 eomnderu
900 3394 1066 3457 auctorum,
1089 3406 1167 3466 qnos
1191 3388 1288 3467 priora

182 3480 323 3546 collectio
339 3476 566 3559 complecdtna.
576 3476 680 3558 prime
693 3476 881 3553 deliciantis,
887 3488 920 3540 51
932 3476 1003 3539 hiua
1017 3479 1202 3557 supplenda
1221 3482 1287 3543 scil.

181 3573 402 3639 Alcidamantia.
416 3571 512 3637 oratio
532 3570 564 3631 iu
583 3570 799 3651 Sophisms,.et
818 3573 943 3652 Gorgia
961 3576 1129 3636 encomium
1150 3577 1289 3647 11515555,

181 3685 253 3752 qna
276 3666 374 3729 Aldus
399 3664 504 3731 eadem
531 3666 569 3726 A.
599 3670 688 3727 1518.
716 3684 776 3727 nna
801 3684 869 3727 cam
894 3665 1029 3727 Isocrate
1053 3687 1117 3727 suo.
1137 3668 1232 3729 edidit
1256 3688 1286 3731 r·

179 3760 297 3825 1515515.
320 3756 641 3837 r.,o.‘n.xl11.p.
664 3764 737 3821 5116.
777 3758 818 3819 11.
832 3756 1002 3836 Stephanus
1026 3778 1087 3820 non
1109 3768 1170 3819 151
1189 3760 1287 3820 consi.

179 3852 235 3922 115.
246 3872 289 3915 eu
303 3852 346 3914 51
368 3848 508 3913 editione·
521 3868 576 3911 sua
597 3850 733 3925 exclusit,
756 3867 847 3930 quens
870 3850 1018 3929 ignoraus,
1041 3850 1122 3911 edita
1146 3850 1188 3912 ah
1206 3851 1286 3913 Aldo

181 3964 260 4021 ene,
281 3942 452 4009 transmisit.
491 3942 786 4023 Quamquamaadio
805 3941 910 4007 eadem
931 3942 1085 4022 opuscula,
1100 3959 1170 4022 quae
1189 3945 1287 4007 Aldus

179 4058 250 4117 opu
277 4058 332 4101 suo
352 4036 485 4099 Isocrate
511 4032 616 4109 edidit,
638 4052 663 4099 a
682 4036 838 4116 Stephano
864 4054 923 4099 una
944 4054 1013 4099 cum
1036 4036 1130 4115 ipsius
1151 4037 1285 4099 Isocrate

180 4132 300 4196 reddita
312 4149 388 4195 esse.
421 4126 1287 4209 1555555,5515.1111555115555115555555555,515551515

177 4225 294 4300 licebit,
307 4224 369 4286 dno
385 4224 445 4299 tta,
462 4222 738 4302 nominaturus,
759 4222 885 4285 alterurn
899 4220 1285 4301 etdmamouopaaeuu

178 4318 315 4382 1555555
328 4316 461 4382 reddam.
486 4315 602 4392 Codex,
616 4316 698 4379 ande
708 4314 805 4379 Aldus
818 4314 1016 4379 herceatores
1025 4316 1132 4388 edidit,
1141 4316 1171 4379 in
1183 4329 1284 4379 555515

175 4412 264 4477 nato
283 4432 303 4474 5
326 4408 530 4472 (1555155555,
543 4410 672 4476 Lescare
693 4416 840 4489 repertus,
852 4407 939 4481 11155
952 4408 1129 4472 Florentiam
1150 4410 1284 4489 perlatus

178 4504 417 4586 est,ahiedhuc
434 4503 469 4566 ia
486 4522 563 4586 gara
581 4502 684 4585 Mopsi
701 4502 795 4565 Ducis
812 4512 992 4566 assonetur.
1001 4517 1031 4563 ν.
1045 4500 1284 4567 3555510551.
