3050 4909
471 346 537 416 DE
559 346 779 415 maeotim
801 342 1034 417 ORATORE.
1195 352 1311 419 mvii

150 548 153 552 ·
200 520 232 575 et
246 509 371 572 formem
384 504 637 591 ridetetelsgsns
650 508 761 571 ebroas
774 508 1065 573 veliementer.
1093 508 1314 573 immanerbis·

201 606 283 671 dms.
295 602 487 685 reprehensio
498 602 655 665 Timrrohi
671 603 702 663 in
715 602 814 675 serbis
831 606 900 663 ἀλλ’
915 602 958 664 ἔτι
974 605 1117 687 χρήσιμος
1135 610 1169 664 et
1186 604 1314 665 oratoris

201 697 381 778 moderatio,
395 714 464 775 qne
480 706 605 777 apparet
618 716 656 757 ex
676 693 777 757 birds
789 700 824 758 oi
836 695 982 777 βούλομαι
994 700 1032 757 rie
1051 698 1183 777 ὀνόματα
1202 700 1312 775 λέγειν.

202 792 282 855 lino
300 791 401 853 omnis
414 791 491 851 hanc
505 792 704 853 narrationem
725 788 859 852 reddunt
870 791 1068 870 perspicuam,
1082 798 1228 871 apertast,
1241 810 1313 872 pro·

202 886 344 957 babilon,
364 894 510 951 mortemar
533 894 565 945 et
584 884 762 965 jucundam.
801 884 878 945 Post
899 884 954 945 hes
977 892 1039 945 tam
1059 884 1179 964 pulcras
1205 894 1237 947 et
1257 886 1316 947 ele

201 988 305 1062 pantes
317 976 502 1040 urretiunes
517 976 701 1059 superfluum
712 978 791 1039 iuret
802 976 916 1039 addere
927 977 1014 1057 alias,
1026 978 1137 1058 eligere
1150 998 1222 1040 vero
1234 998 1314 1059 prrs-

201 1074 360 1135 stautioree
370 1070 588 1135 difficillimm
617 1072 754 1134 Tametsi
765 1072 845 1135 enin
859 1078 929 1133 suut
939 1070 1075 1146 disemn,
1087 1072 1256 1135 laudabiles
1267 1080 1314 1135 tn·

203 1184 272 1227 meu
281 1184 396 1229 umnec.
1335 1184 1341 1195 ‘

629 1522 680 1583 De
692 1523 891 1605 urge-tetis.

225 1676 229 1683 ·
245 1644 289 1705 Ut
310 1642 358 1717 iis,
372 1660 441 1722 qnae
462 1642 503 1703 ab
522 1648 641 1703 oratore
658 1640 810 1713 diosrntur,
828 1640 951 1703 auditor
970 1638 1059 1702 tidem
1078 1639 1198 1715 habeat,
1220 1640 1315 1702 trihus

205 1736 304 1797 modis
318 1735 453 1797 efficitur.
495 1734 612 1795 Etenim
631 1734 751 1797 auditor
764 1745 826 1799 rem
840 1752 941 1796 veram
961 1742 1057 1814 putat,
1070 1734 1119 1795 vel
1137 1734 1317 1813 affluentis

204 1840 314 1901 monas,
329 1830 378 1890 rel
393 1830 463 1909 quia
476 1829 608 1909 aliquem
622 1829 662 1891 de
675 1830 807 1891 moribus
820 1827 948 1891 dicentis
966 1828 1138 1909 opinionem
1149 1828 1256 1910 babet,
1269 1830 1317 1891 rel

205 1924 277 2003 quia
298 1923 403 2003 aliquo
425 1924 516 1985 modu
537 1930 585 1985 eat
603 1922 741 1985 affectus.
781 1924 862 2003 Ergo
883 1922 1012 2003 primun
1033 1930 1081 1984 est
1093 1919 1256 1985 dicendum
1276 1922 1317 1984 de

204 2017 397 2098 argumentis,
411 2016 520 2078 deinde
541 2016 581 2079 de
602 2017 745 2091 moribus,
760 2016 892 2097 deumne
910 2015 952 2078 de
971 2015 1143 2079 effectibus.
1183 2016 1220 2076 ln
1233 2033 1319 2096 argu

204 2111 314 2187 mentis
326 2110 402 2171 nihil
415 2110 472 2171 nisi
486 2111 694 2173 tractationem
708 2110 973 2173 considerabimus.
1008 2110 1077 2171 Hoc
1090 2110 1170 2170 enim
1187 2119 1235 2171 est
1246 2129 1317 2189 pro·

203 2206 301 2286 prium
316 2205 438 2267 oraturi.
480 2206 608 2285 Reliqua
622 2206 874 2267 communiscrrm
888 2205 998 2267 multis.
1032 2204 1318 2267 Nametdialectici

204 2301 244 2363 de
257 2300 441 2381 argumentis
450 2300 641 2379 praecipiunt,
655 2307 688 2360 et
701 2299 828 2379 quilibet
837 2299 868 2359 in
881 2318 935 2359 sua
947 2306 1011 2360 arte
1023 2305 1195 2377 argumento
1207 2298 1319 2358 invenit

205 2404 238 2457 et
251 2394 377 2455 inventis
391 2392 494 2462 utitur.
535 2394 634 2453 Nemo
648 2402 756 2465 tamen,
771 2394 828 2453 nisi
847 2400 959 2464 emtor,
973 2390 1012 2452 de
1026 2410 1128 2452 comm
1146 2390 1318 2453 elocutione

205 2494 239 2548 et
259 2486 435 2548 mactatione
448 2486 486 2546 ad
508 2486 683 2566 popularem
705 2485 930 2565 intelligentiam
948 2492 982 2545 et
1001 2484 1224 2565 persuasionem
1237 2491 1318 2563 apta,

206 2578 352 2642 radicitus
372 2598 437 2641 esse
458 2580 544 2641 solet.
587 2580 689 2641 Prima
712 2587 951 2661 argumentorum
968 2577 1193 2641 metendorum
1212 2577 1319 2657 virtus,

207 2696 297 2759 quam
312 2678 448 2739 AEscbiui
464 2678 634 2750 tribuimus,
647 2690 694 2740 est
704 2678 886 2760 praeparatio
898 2676 1080 2750 auditorum,
1095 2674 1225 2755 quesibi
1239 2674 1317 2736 nam

153 2766 158 2773 “
206 2774 302 2833 munit
316 2780 347 2832 et
361 2772 524 2832 benevolos
538 2782 730 2852 attentosque
744 2771 845 2855 reddit
857 2770 896 2832 ad
916 2768 1140 2850 percipiendam
1153 2768 1214 2828 vim
1230 2788 1319 2849 argn-

206 2874 384 2927 mentorum.
424 2864 474 2925 Sic
495 2864 525 2924 in
545 2866 679 2925 oratioue
699 2872 805 2927 contra
817 2863 1008 2925 Timarchum
1022 2869 1057 2939 (r.
1075 2862 1208 2950 Τιμάρχ.
1226 2870 1254 2941 ς.
1268 2860 1322 2938 9,)

206 2962 260 3023 ubi
280 2960 318 3021 ad
339 2962 463 3020 alteram
479 2960 518 3020 de
532 2960 593 3020 rita
617 2960 754 3040 improba
774 2959 927 3021 'limarobi
950 2968 1068 3039 parteus
1088 2958 1206 3029 transit,
1224 2958 1320 3019 urium

207 3054 436 3137 preparatione,
449 3062 595 3134 rogatque
608 3055 771 3126 auditores,
785 3074 823 3116 ne
837 3052 895 3114 sibi
909 3052 982 3113 vitio
995 3060 1122 3125 vertant,
1136 3051 1163 3112 si
1175 3050 1215 3112 de
1229 3052 1319 3113 tantis

207 3149 326 3229 flagitiis
346 3146 413 3227 ejus
431 3146 567 3209 dicturus
587 3147 735 3209 interdum
750 3156 877 3229 cogatur
890 3146 988 3208 verbio
1002 3148 1098 3207 miuus
1118 3145 1250 3206 honestis
1264 3146 1319 3222 uti,

206 3244 327 3323 eulpam
346 3242 377 3302 iu
395 3240 585 3303 'linarcbum
608 3242 757 3314 transfert,
773 3262 804 3303 se
826 3259 943 3302 eumuna
955 3258 1028 3301 cura
1042 3238 1161 3325 bonesti
1174 3238 1329 3299 rationem,

207 3336 379 3399 habiturum
391 3324 549 3416 promittit,
564 3335 797 3395 moderationem
812 3354 875 3415 prae
890 3354 922 3395 se
936 3333 1005 3407 fert,
1017 3342 1048 3395 et
1062 3331 1222 3393 multorum
1235 3351 1255 3392 s
1265 3330 1321 3392 'li-

207 3430 331 3494 marcho
351 3450 446 3512 puero
467 3426 707 3491 malefactorum
725 3428 900 3508 nequidem
918 3426 1098 3490 mentionem
1116 3444 1149 3487 se
1167 3424 1319 3491 facturum

208 3526 308 3589 docet
349 3522 385 3585 lu
400 3523 534 3585 oratione
548 3532 653 3584 contra
667 3522 896 3603 Ctesiphontem
911 3522 1036 3583 eandem
1053 3521 1201 3583 rationem
1219 3520 1320 3601 sequi·

208 3630 267 3682 tur.
308 3619 453 3679 Dicturus
474 3618 552 3677 enim
574 3616 613 3678 de
626 3616 840 3679 Demosthenis
857 3617 889 3677 iu
908 3616 1142 3677 administranda
1164 3616 1320 3697 republica

206 3717 377 3796 προαιρέσει,
392 3711 505 3792 duplici
520 3710 739 3793 preparatione
749 3712 853 3774 utitur.
872 3714 910 3789 (a.
920 3716 1044 3792 Κτησιφ,
1057 3717 1084 3791 ς.
1096 3712 1154 3786 sti.)
1173 3710 1318 3785 Primum,

208 3808 283 3889 quid
299 3808 400 3869 sibiet
417 3804 589 3867 adversario
602 3805 771 3867 docendum
789 3806 837 3879 sit,
851 3803 986 3866 dilucide
999 3804 1194 3878 demonstrat,
1209 3804 1319 3866 deinde

207 3922 264 3985 per
275 3900 508 3982 praeteritionem
523 3899 734 3961 Demosthenis
749 3899 840 3961 vitam
862 3898 1010 3979 privatam
1025 3898 1207 3973 criminatur,
1229 3906 1261 3960 et
1278 3895 1319 3961 ad

206 4016 253 4070 ee,
265 4014 335 4075 quse
350 4004 454 4055 contra
463 3991 677 4073 rempublicam
692 4002 723 4055 et
737 3994 817 4055 uires
832 4012 934 4053 omncs
944 3992 1079 4072 improbe
1091 3992 1214 4067 fecerat,
1223 4002 1320 4056 mus·

206 4092 241 4152 it.
284 4086 423 4149 Secunda
447 4086 550 4159 virtus,
573 4105 632 4147 nou
658 4086 781 4147 multum
808 4106 827 4147 a
850 4087 947 4166 prima
973 4086 1100 4158 diversa,
1125 4088 1157 4148 in
1179 4087 1320 4149 varietate

207 4182 285 4245 initii
305 4189 545 4261 argumentorum
568 4180 711 4241 cernitur.
754 4180 850 4241 Modo
870 4181 1156 4261 argumentationem
1174 4182 1282 4261 incipit
1301 4202 1320 4243 a

208 4276 381 4341 criminibus
396 4284 427 4336 et
439 4272 574 4357 irrisione
589 4274 1026 4357 adversariorum,(e.'i⁸1paipx.
1041 4288 1065 4357 ς.
1080 4277 1129 4346 κζ’.
1137 4274 1215 4354 init.)
1230 4277 1320 4339 modo

128 4390 134 4399 ·
209 4372 305 4434 utitur
314 4368 499 4447 objectione,
510 4366 594 4445 (ibid.
608 4370 633 4439 l.
648 4366 696 4429 ri'.
713 4369 792 4448 init.)
801 4370 892 4431 modo
904 4368 1047 4447 precibus
1056 4368 1141 4445 (ibid.
1156 4381 1180 4449 5.
1191 4377 1231 4431 κέ.
1243 4370 1322 4449 init.)

210 4473 341 4527 attentos
355 4462 454 4525 reddit
467 4461 629 4535 auditores,
644 4462 734 4523 modo
755 4464 908 4543 inopinata
920 4461 1085 4543 irruptione
1101 4467 1138 4537 (r.
1156 4463 1279 4544 Κτησιφ.
1294 4472 1320 4541 ς.
1352 4468 1355 4475 ’

211 4558 286 4639 pl.)
300 4564 400 4618 terret.
442 4556 491 4616 Ab
512 4552 659 4635 ejusmodi
673 4556 766 4618 initiis
781 4556 820 4617 sd
835 4556 998 4635 argumenti
1013 4556 1252 4635 explicationem,
1266 4558 1321 4636 (ip-
