3050 4909
657 332 912 406 PltAEr'Arlo.
1312 364 1336 407 n

232 489 484 579 pmstsutirsimi,
505 504 603 561 temen
624 508 732 577 preter
750 500 882 561 Petitum
901 504 933 561 et
947 497 1107 572 Veiesium,
1128 504 1160 560 et
1179 497 1339 564 uouisdme

232 590 408 672 Trylomm,
429 600 520 671 etque
539 590 803 670 Huuptmnnunm¹
816 592 878 652 tere
892 610 981 653 nemo
1000 591 1066 666 fuit,
1084 590 1137 671 qui
1149 591 1221 651 truie
1233 594 1337 653 Attioo

233 682 332 745 decem
352 683 509 745 edmovere
528 682 701 745 studuirset.
714 716 756 731 —
767 682 829 744 Sed
849 684 922 745 illue
937 684 1037 755 redeo,
1051 684 1131 745 uude
1143 702 1338 746 excesseram.

232 774 385 839 trenno·
401 776 502 855 itrque
516 776 684 856 Stephrnus
702 775 733 835 in
752 773 924 837 recedendo
938 776 1049 837 Aldiuo
1070 795 1207 854 corpore,
1222 775 1261 837 de
1274 796 1337 856 quo

232 886 316 929 nune
335 869 441 948 egitur,
460 868 573 948 mejore
592 886 662 929 usus
685 876 731 929 est
750 866 812 929 fide
823 876 922 947 etque
940 868 1092 947 religione,
1106 888 1194 948 quem
1207 869 1291 930 Wott
1306 869 1339 931 iu

235 961 386 1022 AEsebine.
419 960 697 1040 JnnteStepbeui
711 958 887 1041 prefatione
905 961 945 1021 ed
960 981 1046 1022 suu·
1066 972 1215 1022 oratorum
1228 981 1337 1041 eorpus

233 1052 319 1116 toros
333 1053 492 1115 nonnrrssos
502 1053 561 1115 hue
574 1051 718 1115 incientes
733 1064 876 1134 repetere
903 1053 1062 1125 romnis,
1076 1054 1102 1113 si
1114 1054 1199 1115 loeur
1213 1055 1335 1133 petitur,

233 1152 341 1221 totum,
351 1164 410 1207 uus
422 1164 490 1207 eum
504 1144 576 1207 Aidi
590 1145 777 1225 presedere,
788 1148 818 1205 iu
829 1146 953 1207 secundi
965 1146 1124 1208 voluminis
1137 1147 1221 1207 cuiue
1231 1149 1337 1210 redde·

233 1256 311 1297 mus.
345 1238 381 1299 in
394 1238 533 1299 AEsebine
546 1238 693 1318 Lysieque
714 1238 882 1318 Stephanus
902 1258 922 1299 ιι
940 1239 1033 1300 codd.
1052 1239 1136 1299 mstis
1153 1239 1289 1319 adjutum
1305 1262 1337 1304 se

233 1330 277 1393 sit
294 1330 375 1391 huod
395 1348 493 1410 pruee
512 1329 694 1404 emendasse,
716 1330 927 1410 ingentemque
945 1331 1023 1392 sdeo
1041 1331 1188 1405 lacunam,
1202 1350 1271 1410 quae
1285 1333 1339 1393 At·

233 1424 314 1485 diue
334 1423 367 1483 in
385 1424 518 1485 oratioue
539 1423 634 1503 Lysim
657 1422 775 1484 funebri
794 1423 946 1496 insideret,
969 1424 1143 1503 explevisse.
1183 1425 1239 1485 Est
1257 1444 1337 1487 nuno

232 1534 328 1595 penes
336 1534 394 1587 me,
410 1514 556 1576 beneficio
571 1514 699 1577 Askewii
714 1518 751 1579 V.
766 1516 815 1588 0.,
827 1516 976 1589 volumen,
987 1536 1049 1595 quo
1061 1517 1173 1596 Teylor
1184 1516 1253 1577 oiim
1266 1536 1337 1579 usus

233 1609 304 1670 rure.
337 1609 482 1669 volumen
508 1609 567 1669 hos
591 1629 609 1669 e
634 1608 767 1689 Corpore
789 1609 971 1687 Stephanioo
995 1609 1141 1682 evulsum,
1167 1609 1335 1673 Erebinem

233 1711 318 1763 tenet
337 1702 442 1775 solum,
455 1720 515 1763 une
526 1720 595 1762 enm
609 1700 697 1763 titulo
713 1702 806 1763 totius
825 1701 927 1783 operis
943 1710 975 1762 et
994 1700 1168 1781 prefatione
1183 1704 1336 1782 Stephani.

233 1814 297 1875 quo
317 1796 356 1857 de
369 1795 517 1856 volumine
536 1792 728 1875 portmodum
746 1795 885 1874 pluribue
902 1794 1013 1856 dicem.
1053 1795 1102 1856 Ad
1128 1795 1212 1856 ilium
1233 1798 1336 1877 itaquo

231 1890 320 1967 hujus
333 1888 517 1969 presuntionis
530 1889 640 1962 losum,
654 1888 705 1949 ubi
726 1889 893 1969 Stephanus
906 1890 959 1966 eit,
972 1888 1141 1950 AErehinem
1156 1889 1336 1971 Lyriemque

233 2002 253 2045 s
270 2002 301 2043 se
314 1981 397 2043 mstis
413 2002 431 2043 e
445 1980 601 2043 codicibus
614 1979 786 2043 emendatos
798 1990 830 2043 et
850 1991 945 2043 sertor
957 2001 1034 2053 esre,
1051 2000 1119 2042 oum
1133 1982 1271 2045 dominor
1284 2004 1337 2045 eo-

231 2094 298 2135 rum
308 2074 457 2146 codicum,
465 2073 562 2147 sedes,
573 2082 671 2145 notes,
683 2073 985 2155 internumoujusque
993 2074 1133 2147 ιιὶοιιιιι,
1141 2075 1274 2147 uetioeet,
1283 2096 1336 2137 en·

231 2169 348 2229 noterit
358 2168 435 2239 irrue,
444 2186 514 2247 quse
524 2165 632 2227 reterre
641 2166 729 2245 Juvst
738 2164 832 2245 ipsius
838 2166 947 2240 verbis,
953 2165 1077 2247 Teyior,
1084 2175 1157 2238 tum,
1165 2180 1200 2229 ut
1207 2166 1335 2239 videtur,

230 2262 332 2335 ¹adhuc
341 2258 471 2340 juvenis.
505 2259 639 2340 [Utinam
653 2260 695 2319 ite
709 2258 815 2321 fuisset
827 2268 960 2340 opertus,
974 2268 1009 2322 ut
1021 2260 1060 2321 sd
1072 2260 1157 2332 istos,
1172 2278 1249 2338 quos
1270 2260 1335 2322 lou·

230 2354 296 2435 det,
309 2354 429 2415 eodieer
440 2352 564 2432 digitum
578 2350 754 2413 intenderet.
783 2352 845 2413 Sed
856 2353 914 2413 troc
926 2372 986 2413 uon
996 2353 1060 2413 sine
1072 2352 1179 2431 insigni
1192 2363 1335 2432 nepotum

230 2446 338 2509 frende
357 2446 485 2523 mriores
505 2441 753 2524 dissimulavere]
788 2443 850 2505 Sed
864 2443 952 2504 feeile
972 2444 1044 2504 truie
1063 2445 1183 2522 quidem
1205 2446 1334 2523 querele

230 2549 413 2601 occurretur.
454 2538 583 2601 Conrttt
601 2535 680 2598 enim
701 2535 790 2598 bodie
812 2536 965 2616 Stepheuo
983 2546 1046 2597 tunt
1065 2536 1103 2596 ed
1126 2556 1229 2597 munus
1242 2537 1334 2605 fuisse

229 2632 366 2694 eodieem
380 2631 473 2703 iilum,
488 2649 576 2709 quem
584 2629 697 2709 Teylor
710 2628 924 2691 Coislioieuum
937 2629 1080 2711 uppeilrt,
1093 2636 1126 2690 et
1138 2648 1229 2691 uuum
1243 2638 1334 2710 etque

229 2726 356 2787 aiterum
370 2744 407 2785 eu
426 2724 494 2796 iliis,
514 2740 591 2801 quos
608 2722 719 2803 Teylor
734 2721 843 2803 Regios
855 2724 999 2803 rppellet,
1012 2722 1065 2804 qui
1077 2742 1157 2783 nuno
1169 2723 1287 2786 Parisiis
1301 2725 1334 2785 in

111 2840 115 2847 ⁴
229 2816 410 2897 bibliotheer
433 2815 524 2895 Regin
546 2814 787 2876 cunsumiuimi
810 2825 1015 2885 essemntun
1041 2835 1099 2877 neo
1120 2835 1181 2876 noe
1205 2815 1334 2879 sebedes

228 2909 351 2973 tierrici
371 2908 545 2987 Serimgerif
559 2908 628 2969 Jcti
647 2907 919 2987 Heidelbergensis,
932 2908 1053 2969 ustione
1073 2908 1169 2988 Senti,
1186 2908 1227 2968 rb
1249 2909 1335 2970 edito

227 3006 245 3067 J
249 3024 300 3065 ure
313 3000 457 3063 Orientali
477 3002 549 3062 setis
563 3000 637 3065 noti.
678 2999 806 3062 Schedte
818 2999 876 3072 he,
886 3019 962 3080 quer
974 3000 1087 3079 Teyior
1100 3019 1247 3079 nusquam
1260 3002 1334 3063 eite-

227 3096 279 3169 rit,
295 3113 472 3177 quemquem
484 3094 514 3153 in
527 3092 658 3154 editione
670 3092 734 3173 ipse
748 3112 803 3153 sue
815 3102 895 3154 totus
904 3092 1075 3171 expromsit,
1084 3098 1131 3172 (p.
1142 3100 1213 3159 728.
1225 3095 1262 3156 Τ.
1277 3096 1333 3178 ll.)

226 3189 343 3269 eujrtes
357 3188 427 3268 sint,
441 3186 521 3247 unde
534 3185 646 3257 duotre,
660 3185 739 3246 hund
753 3184 859 3264 liquet.
873 3203 978 3264 peuce
991 3194 1060 3245 suut
1073 3204 1197 3246 numero
1208 3196 1332 3248 eunom·

228 3280 369 3343 tiuueuiae
382 3276 422 3341 ed
441 3277 590 3339 orationes
609 3277 758 3338 AEsehiuis
779 3278 810 3338 iu
822 3276 1061 3355 Ctesiphontem,
1074 3285 1107 3338 et
1123 3277 1333 3341 Demoethenis

227 3393 283 3452 pro
297 3374 436 3443 corones
459 3370 575 3452 ierrsgo
589 3390 606 3431 e
621 3360 840 3451 suspicioniBus
855 3370 909 3429 riri
921 3369 1005 3431 docti
1023 3370 1125 3432 neseio
1138 3372 1226 3449 eujur
1240 3380 1271 3433 et
1288 3374 1333 3435 le-

226 3470 378 3532 etiouibue
401 3467 515 3531 uodioir
543 3468 646 3529 neseio
671 3466 741 3529 item
767 3466 855 3545 eujus
877 3466 1048 3529 oommixte.
1062 3466 1218 3545 -Pergit
1241 3486 1333 3547 porro

228 3564 400 3642 Stephrrur
421 3579 583 3640 exponere,
607 3578 694 3639 quem
716 3558 864 3620 deiectum
887 3558 1047 3620 lectionum
1068 3559 1099 3619 iu
1112 3558 1256 3620 AEsehine
1279 3561 1333 3621 bs·

227 3656 335 3729 buerit,
350 3654 430 3714 hune
443 3661 526 3732 pute,
540 3662 574 3712 ut
587 3650 747 3713 leotionem
760 3649 913 3724 Attium,
928 3650 980 3711 ubi
993 3650 1054 3711 vise
1066 3661 1142 3712 esset
1156 3652 1332 3725 tolerabilis,

226 3746 259 3809 in
274 3756 357 3807 tento
370 3754 511 3815 renutet,
528 3742 707 3804 vrriernibus
721 3741 750 3803 iu
766 3742 926 3821 maginem
940 3741 1081 3820 rejectis3
1095 3742 1167 3805 alies
1179 3745 1332 3810 meliorem

227 3839 383 3901 lectionem
392 3838 423 3899 in
432 3844 517 3899 tento
529 3836 627 3897 stetim
641 3844 882 3916 representeret,
890 3835 997 3897 vitiose
1006 3836 1116 3897 Aldine
1129 3837 1159 3897 in
1171 3838 1332 3917 marginem

228 3931 435 4011 relegatorum
449 3928 604 4009 adscripto
615 3928 657 3991 Π.
670 3928 705 3991 Γ.
719 3928 767 3990 vei
779 3954 828 4011 ep.
842 3934 890 4010 γῤ.
904 3929 963 3990 hoe
976 3939 1022 3990 est
1034 3932 1170 4011 rpdrepor
1181 3937 1332 4014 ypdproue.

228 4025 285 4085 Vel
299 4024 343 4084 sie
353 4033 462 4095 umen,
477 4031 509 4084 et
520 4023 550 4081 in
561 4020 711 4094 AEsohiue,
726 4030 758 4083 et
769 4022 799 4081 iu
813 4022 913 4103 Lyris,
923 4022 1097 4102 superstites
1107 4024 1250 4085 meurisse
1263 4045 1332 4108 per-

226 4117 338 4179 multos
350 4115 434 4177 locos
445 4113 669 4185 inemendatosu
682 4114 714 4175 in
727 4114 851 4194 reliquis
862 4125 962 4177 sutem
977 4115 1144 4176 oratoribus
1158 4115 1256 4178 faeere
1269 4137 1331 4179 nou

222 4210 371 4291 potuisse,
380 4208 454 4289 quin
465 4208 560 4269 multo
571 4206 660 4269 etiem
674 4207 776 4286 plures
785 4207 816 4269 io
828 4207 936 4269 mendo
950 4208 1131 4287 relinqueret
1141 4208 1235 4283 loeus,
1248 4209 1331 4289 quod

258 4328 274 4361 θ
290 4328 365 4389 Ortus
374 4324 456 4379 multe
463 4338 538 4388 peres
548 4338 586 4373 me
597 4328 662 4381 suet,
670 4322 746 4385 ipsius
753 4322 877 4383 beredeto,
887 4324 989 4383 ιιιιιιὶι,
996 4324 1026 4373 sd
1037 4304 1192 4384 dormtum,
1202 4326 1334 4388 Antiphos-

223 4400 281 4451 ιιι,
304 4390 416 4457 (turpem
434 4396 460 4439 et
477 4390 604 4441 Demedem
622 4389 776 4453 pertinentes,
795 4390 864 4438 Ger·
881 4390 975 4454 quidem
994 4390 1061 4453 typis
1076 4406 1179 4444 usum.
1196 4392 1237 4438 sed
1260 4392 1333 4449 istum

224 4450 501 4587 ἱὲιιιοιιιιιξῗῐξέιὲιιιιυάἰ
513 4454 570 4526 ipsae
583 4468 675 4518 quoqne
687 4461 800 4519 experta.
833 4456 965 4506 Peuuorum
981 4453 1006 4503 in
1022 4471 1104 4506 munus
1121 4455 1200 4508 venire
1212 4454 1297 4516 solent,
1308 4459 1333 4509 et
