3050 4909
651 326 906 397 PRAEFATIO.
1295 331 1330 397 ix

107 478 110 483 ¹
223 490 330 551 tissimi
343 491 388 551 tui
408 490 533 552 nominis
553 492 860 565 auctorisaremus
875 490 1086 552 aiiislevie'uiis
1100 488 1221 552 sedulus
1237 511 1279 565 es,
1296 502 1328 554 et

223 590 331 655 nutas,
346 602 509 663 navesque,
523 585 574 646 ubi
597 586 639 646 nil
662 586 838 647 referebat·
860 584 964 645 Partes
971 584 1119 662 'profecto
1131 584 1262 643 muueris
1282 584 1328 647 tui

222 671 406 755 flagitabant,
416 675 534 756 tibique
547 677 742 757 imperabant,
752 687 798 749 ut,
810 677 837 737 si
847 676 919 737 nihii
929 677 1022 749 aliud,
1033 677 1091 736 hoe
1103 685 1328 750 semenstrem,

222 775 258 826 ut
271 786 330 827 aere
345 767 397 828 iiio
410 767 523 841 insano,
536 790 596 847 quo
607 770 776 829 chartarum
786 780 902 829 tuarum
913 768 1130 849 magnificentia
1144 769 1232 829 nobis
1245 780 1327 831 erte·

223 858 271 928 ris,
287 859 340 936 qui
352 860 391 919 ed
407 880 459 921 ros
469 861 631 921 'Britannos
646 862 686 921 Iri
699 861 738 921 ad
753 860 870 922 Croesos
888 881 1000 932 sumus,
1014 860 1187 921 redimendi
1199 871 1256 933 est,
1271 864 1326 941 qui

223 970 285 1011 rem
300 952 470 1030 quaerimus,
486 954 602 1015 offooiis
615 954 785 1014 adventitiis
800 974 860 1014 non
874 954 1024 1025 ducimur,
1045 974 1168 1032 quarum
1183 955 1247 1015 laus
1260 956 1329 1015 arti·

223 1041 274 1103 fici
284 1044 458 1106 obortarum
472 1054 503 1105 et
517 1046 702 1125 typographo
716 1046 853 1118 debetur,
868 1056 982 1106 textum
996 1046 1092 1106 saltim
1107 1046 1326 1121 redimeremus,

223 1155 283 1199 uon
302 1136 442 1197 sublestae
457 1135 537 1209 iidei¹
561 1138 837 1216 noninquinatum,
856 1138 917 1199 sed·
930 1138 1000 1198 lima
1017 1138 1186 1199 tua'critioa
1196 1140 1326 1219 perpoti-

223 1238 297 1308 tum,
310 1238 342 1291 et
351 1230 390 1291 ud
404 1230 608 1311 primigenium
619 1230 756 1303 nitorem,
767 1252 826 1310 qua
841 1241 923 1312 pote,
938 1238 1141 1293 restauratum.
1164 1231 1253 1292 Grati
1264 1234 1328 1310 qui·

223 1320 291 1383 dem
304 1323 562 1404 aeoipimusfquae
584 1323 906 1385 in'snnotstionibuse
927 1324 1011 1385 libris
1029 1324 1114 1384 mstis
1134 1323 1233 1384 affers.
1267 1325 1324 1385 Sed
1376 1326 1380 1333 '

224 1436 326 1479 eorum
344 1418 476 1481 detectus
493 1430 524 1479 et
544 1438 612 1480 usus
630 1431 689 1479 non
704 1419 872 1481 successori
885 1429 939 1481 tuo
951 1417 1163 1497 relinquendus
1176 1427 1251 1489 erut,
1266 1437 1326 1479 non

224 1510 455 1590 exspectandum
469 1513 546 1589 ejus,
559 1520 612 1571 sut
633 1512 751 1572 lectoris
772 1512 919 1594 cujusque
929 1512 1090 1592 judicium,
1109 1512 1161 1573 sed
1177 1519 1253 1583 tute,
1273 1512 1326 1592 qui

222 1603 369 1676 eritioum,
382 1606 437 1683 qui
450 1604 591 1665 editorem
606 1604 792 1683 profiterere,
804 1614 911 1666 suotor
926 1605 991 1665 fieri
1012 1604 1143 1666 debebss
1163 1604 1327 1666 lectoribus
1408 1641 1416 1651 ·

224 1716 325 1763 earnm
339 1696 512 1768 lectionum,
529 1714 603 1775 quas
618 1705 651 1756 tu
664 1697 835 1776 probandas
850 1717 1005 1767 censeres;
1025 1696 1189 1777 presertim
1208 1697 1261 1775 qui
1281 1705 1328 1756 tot

223 1790 318 1850 lustru
332 1782 519 1865 insonando,
533 1791 565 1850 in
579 1789 727 1851 moliendo
740 1791 938 1851 consumeres.
980 1790 1118 1869 Exempli
1133 1788 1258 1866 aiicujus
1276 1810 1327 1850 re·

224 1882 295 1942 teris
315 1883 493 1943 auetoritate
514 1882 540 1942 si
562 1891 667 1961 eaptus
688 1900 764 1956 eres,
779 1883 804 1944 si
819 1883 876 1944 tibi
888 1901 1077 1963 pernumerare
1090 1883 1130 1942 ub
1144 1884 1210 1961 ejus
1222 1900 1327 1943 norme

223 1975 279 2037 tibi
298 1976 387 2037 haud
395 1996 460 2039 esse
481 1976 706 2054 diseedendunr,¹
721 1996 776 2038 our
788 1996 849 2039 non
862 1978 1003 2039 Atdinum
1016 1976 1185 2056 pretulisti
1198 1976 1327 2055 antiqni-

222 2054 285 2129 tute
296 2076 377 2130 uerte
390 2067 511 2149 fideque
526 2068 651 2141 codicis,
666 2090 684 2131 e
698 2090 760 2149 quo
769 2070 915 2144 manavit,
929 2071 1118 2133 venerahilet
1138 2079 1199 2141 aut,
1216 2070 1242 2128 si
1256 2070 1326 2131 huie
1385 2091 1389 2100 ¹

221 2161 379 2242 perdebas,
389 2162 599 2241 Stephaniouna
615 2170 705 2235 certe,
721 2162 802 2243 quod
814 2173 861 2224 est
873 2172 905 2224 et
919 2162 1092 2243 parabiiius,
1105 2170 1137 2223 et
1147 2163 1329 2225 eorrectiusi

223 2256 268 2315 At
286 2274 366 2315 nuno
385 2254 531 2335 intelligo.
572 2256 747 2317 Geneeeuse
766 2257 942 2335 exemplum,
957 2256 1068 2317 chartis
1084 2256 1220 2316 incusum
1241 2262 1330 2334 piene

222 2347 304 2420 stris,
317 2347 463 2426 vulgarius
477 2359 550 2421 erat,
569 2358 601 2409 et
617 2348 790 2427 psrubilius,
803 2357 835 2433 et
853 2350 993 2409 minoris
1005 2369 1043 2409 eo
1055 2347 1149 2409 fiebat
1156 2346 1286 2425 jactura,
1300 2346 1326 2407 si

223 2440 446 2518 typothetarum
459 2440 588 2503 sordidis
608 2460 626 2499 s
643 2440 780 2529 manibus
797 2448 1053 2520 eouspurearetur.
1094 2440 1208 2500 Bellum
1222 2438 1325 2517 utique
1432 2494 1442 2515 x

223 2551 291 2592 eum
304 2533 481 2613 prsimonia
500 2554 561 2595 nou
581 2534 663 2613 gero,
683 2554 772 2615 quam
793 2533 929 2613 quotidie
948 2533 1034 2593 dison
1053 2541 1086 2593 et
1105 2551 1229 2594 exerceo
1243 2532 1272 2590 ia
1293 2552 1327 2592 re

222 2642 367 2703 perquam
390 2627 498 2687 aociss.
538 2627 639 2691 Didioi
657 2636 768 2705 tamen,
787 2641 869 2706 saepe
890 2626 1005 2686 luorum
1025 2644 1099 2697 esse,
1119 2625 1277 2705 pecuum
1295 2624 1327 2683 in

222 2717 291 2777 iooo
313 2719 472 2779 contemni.
513 2720 688 2797 Exemplum
713 2718 924 2799 Tayioranum,
949 2718 1032 2800 quod
1059 2719 1133 2779 tanti
1154 2738 1245 2797 penes
1271 2736 1327 2778 nos

223 2812 313 2885 uenit,
328 2812 427 2891 operis
440 2812 512 2873 dedi
533 2812 770 2883 exscribendum,
786 2821 820 2872 ut
835 2831 936 2891 operae
950 2830 1101 2890 parcerem
1119 2810 1326 2871 annotationes

223 2904 419 2967 exscribendi.
459 2903 605 2984 Stephani
622 2914 754 2965 oratores
778 2904 945 2984 conces-psi,
969 2924 1031 2983 quo
1051 2903 1168 2983 Lysiam
1186 2904 1326 2963 Venetiae

224 2998 379 3072 mitterem,
393 2999 436 3059 ibi
449 3018 517 3061 oum
529 2997 634 3060 oodioe
649 2988 834 3059 Bessarionis
851 2997 1073 3059 conferendum.
1114 3002 1158 3058 At
1169 3005 1203 3057 tu
1215 3006 1325 3067 tamen,

224 3092 250 3151 si
273 3091 454 3171 parcendum
475 3091 628 3163 censebas,
650 3090 689 3151 de
714 3108 776 3169 quo
798 3092 840 3153 uit
862 3110 981 3170 queror,
1005 3090 1138 3151 debebas
1157 3089 1327 3168 exemplum

224 3183 402 3248 Wolfiannm
416 3205 436 3249 a
448 3184 582 3245 Roveriis
596 3184 729 3245 Geuevae
739 3202 876 3245 recusum
886 3186 968 3264 prius
981 3184 1036 3243 aba
1044 3192 1076 3243 te
1089 3183 1248 3263 diligenter
1260 3202 1326 3243 cor·

224 3288 338 3339 rentum
354 3277 548 3359 typographis
566 3277 597 3337 in
611 3296 714 3337 manus
733 3275 816 3337 dure.
856 3277 914 3338 Sed
926 3275 1070 3355 quiequid
1090 3275 1209 3336 tandem
1224 3274 1328 3335 subest

224 3388 334 3440 osusae,
352 3374 405 3429 seu
425 3370 563 3448 segnities
582 3389 618 3429 ea
634 3368 702 3440 fuit,
719 3377 752 3430 et
766 3370 965 3431 molestiarum
982 3368 1137 3448 devitatio,
1149 3386 1202 3428 seu
1214 3368 1326 3445 impru·
1365 3378 1369 3385 '

224 3460 326 3524 dentis
338 3460 477 3539 quaedem
491 3471 551 3533 tua,
566 3460 703 3541 Tapiore,
722 3460 876 3522 laudsses
892 3458 991 3540 operis
1012 3460 1068 3531 toi,
1085 3478 1145 3521 non
1160 3458 1327 3519 medioeres

225 3554 299 3615 alias
321 3553 445 3627 suturas,
468 3555 546 3615 hand
568 3573 672 3635 parum
693 3555 807 3615 minuit.
848 3554 1008 3632 Reliquum
1028 3562 1129 3614 sutem
1151 3554 1326 3633 Tsyiorenae

223 3647 361 3709 editionis
376 3647 602 3709 instrumentum
621 3646 700 3707 haud
719 3646 967 3708 contemnendum
980 3654 1042 3714 estz
1062 3645 1147 3724 quod
1166 3663 1253 3708 suane
1265 3664 1327 3706 non

225 3740 255 3801 in
271 3755 367 3801 meum
386 3740 476 3816 modo
495 3741 633 3801 transtuli
651 3739 822 3812 editionem,
841 3739 896 3800 sed
916 3738 984 3801 eliis
1008 3758 1131 3819 quoque
1153 3741 1239 3801 noris
1259 3739 1328 3801 auxi

225 3834 414 3897 ornamentis.
455 3835 504 3896 De
515 3833 623 3912 quibus
637 3853 716 3895 nune
730 3830 839 3895 diosm

644 4120 645 4125 γ
667 4038 796 4108 sssc'r.
819 4038 885 4105 lv.

555 4188 605 4251 De
617 4188 745 4250 editione
757 4188 814 4249 tae
827 4185 989 4267 Hpsiessi

266 4306 452 4375 Quibusdam
463 4307 494 4367 in
507 4308 595 4376 rebus
607 4307 646 4367 ab
658 4306 793 4367 instituto
805 4306 926 4386 'l'ayiori
940 4325 987 4367 nse
998 4304 1183 4377 disoessime,
1193 4306 1241 4364 via
1248 4321 1327 4365 oom-

226 4410 391 4461 memorato
404 4400 526 4479 dignum
539 4412 605 4471 est:
622 4408 655 4461 ut
669 4401 700 4459 in
713 4399 782 4460 hoo.
810 4400 919 4480 Tsylor
929 4396 1031 4460 Woltii
1040 4400 1171 4459 latinam
1185 4400 1327 4475 interpre-

225 4496 365 4556 tutionem
379 4515 446 4558 eum
461 4504 544 4559 texto
558 4496 670 4557 Graeeo
688 4493 785 4555 statim
804 4493 1023 4573 substravisset,
1037 4512 1093 4572 ego
1106 4512 1170 4553 eum
1184 4493 1215 4551 in
1225 4500 1328 4555 semiu-

267 4602 342 4649 vot..
359 4604 381 4646 1.
756 4586 773 4619 ⁸
789 4605 805 4646 c

1458 4817 1519 4869 Δ
