3050 4909
193 345 217 391 ι
477 319 506 387 1.
530 320 558 388 1.
581 320 623 387 a.
646 320 712 387 an
740 316 995 411 machmam

197 483 270 543 dum
284 479 431 543 AEschiuis
444 480 502 543 mei
514 482 651 543 volumen
664 479 830 543 mandari.
864 480 980 541 Contra
991 474 1210 547 annotationes,
1222 486 1308 555 quest

196 576 307 657 Tsylor
319 574 358 636 ad
366 570 485 637 'calcem
500 574 641 637 oratioms
661 574 808 654 cujusque
820 572 1012 653 relegaverat,
1027 570 1087 651 ipsi
1099 579 1181 633 texto
1190 569 1299 631 statim

137 664 142 675 '
196 668 329 748 subjeci3
351 668 432 748 quod
452 677 483 729 et
505 668 688 729 commodius
710 667 842 729 futuram
865 665 1027 727 lectoribus
1045 672 1078 725 st
1098 664 1184 728 factu
1204 662 1299 742 magis

196 760 394 823 necessarium
413 760 559 835 videbam,
582 768 613 821 et
633 780 651 819 a
668 760 816 821 nonnullis
833 758 970 839 flagitari.
1010 756 1175 828 Interdum,
1194 774 1300 833 quam·

197 874 285 933 quam
300 853 456 926 rarissime,
473 854 622 915 auctiores
634 852 706 915 dedi
723 852 908 932 Tayloranss
920 851 1139 922 annotationes,
1155 857 1188 910 at
1202 848 1298 928 Epist.

194 950 216 1019 ζ.
234 946 286 1007 ubi
300 948 398 1027 Toupi
410 947 580 1009 observatio
593 968 612 1007 e
625 947 759 1027 lupanari
773 947 869 1025 petita
881 946 970 1025 vulgo
983 963 1042 1007 uon
1056 952 1190 1023 prostat;
1208 942 1299 1020 digna

196 1038 248 1099 illo
262 1038 390 1112 bomine,
404 1039 458 1118 qui
469 1039 549 1099 nulla
559 1038 598 1099 de
612 1058 644 1100 re
655 1037 787 1117 disputat
800 1036 930 1109 doctina,
944 1037 1082 1115 quamde
1096 1034 1212 1097 scortis.
1242 1034 1300 1095 La·

197 1133 288 1193 tinam
303 1133 586 1211 interpretationem,
601 1130 699 1191 meisi
714 1149 761 1191 res
772 1129 879 1192 suissst
885 1128 1010 1202 arbitrii,
1024 1129 1114 1208 plane
1124 1128 1298 1189 omisissem.

197 1224 397 1285 Decreveram
410 1224 573 1304 aliquando
592 1238 665 1284 meas
684 1222 753 1283 huic
771 1220 895 1283 editioni
911 1240 1036 1300 opernm
1053 1220 1205 1283 AEsohinis
1222 1239 1300 1299 opu·

197 1316 314 1377 sculum
331 1316 452 1390 addere,
465 1316 549 1395 quod
571 1335 639 1377 cum
652 1336 670 1377 e
683 1314 803 1376 schedis
821 1313 992 1394 Tayloranis
1012 1313 1223 1375 intellexissem
1239 1314 1301 1373 ine·

196 1408 292 1471 ditum
304 1409 334 1469 in
347 1409 528 1470 bibliotheca
538 1408 674 1469 leidensi
684 1407 839 1485 msemri,
852 1406 923 1467 dedi
938 1406 1094 1486 superbae
1105 1425 1139 1467 re
1152 1406 1251 1467 literas
1259 1405 1298 1467 ad
1370 1484 1376 1491 ι

199 1502 455 1581 Wyttebochiom,
479 1502 580 1563 lucidas
600 1520 680 1565 nunc
700 1508 942 1578 commorantem,
964 1499 1024 1572 ubi,
1041 1499 1074 1560 id
1096 1499 1178 1578 qnod
1196 1499 1298 1572 sudio,

143 1660 148 1675 ¹
198 1594 350 1655 Plutarchi
362 1594 463 1657 libello
474 1594 515 1656 de
530 1614 594 1657 sera
606 1595 733 1657 numinis
746 1592 879 1654 vindicta
891 1592 1009 1655 dendo
1022 1592 1075 1653 dat
1082 1610 1213 1670 operam.
1234 1593 1300 1653 Sci·

198 1684 279 1761 licet,
293 1698 354 1747 tum
369 1687 502 1749 noudum
516 1686 678 1749 incideram
696 1687 728 1748 in
746 1685 836 1748 alium
854 1685 953 1745 locum
971 1684 1149 1749 schedarum
1164 1684 1297 1763 Taylori,

141 1836 144 1857 ,
197 1778 251 1839 uhi
265 1780 414 1845 Meleteas
439 1800 502 1841 eam
527 1801 593 1843 esse
617 1780 810 1841 Libsmanam
833 1778 985 1851 sdmcnm,
1004 1776 1119 1839 dudum
1135 1776 1248 1837 editam
1268 1778 1299 1839 iss

198 1870 317 1933 Libanii
336 1874 486 1953 operibus,
509 1876 547 1936 T.
563 1876 590 1937 1.
609 1894 639 1954 p.
654 1879 726 1935 131.
745 1892 805 1953 qna
828 1872 985 1933 dischims
1004 1890 1074 1933 cem
1095 1871 1299 1933 Demosthene

198 1965 361 2028 confertos.
382 1968 414 2029 id
429 1968 510 2048 quod
521 1968 718 2048 postmodum
735 1965 962 2046 Wyttebsohirss
976 1984 1098 2044 quoque
1115 1984 1162 2026 me
1184 1965 1300 2039 docuit,

193 2057 312 2135 juvenis
333 2059 450 2133 doctus,
474 2061 523 2122 cni
543 2061 708 2140 Epistulam
727 2059 860 2120 criticam
871 2059 1033 2130 ‚dehoram
1051 2059 1301 2137 magnapromit·

196 2156 318 2223 tentem,
333 2160 363 2212 et
377 2154 394 2213 J
397 2153 525 2213 ulisnum
539 2152 711 2233 alquandc,
723 2162 815 2231 atque
829 2152 1020 2218 Plutarchum
1033 2150 1255 2231 philosophum,
1267 2160 1301 2213 et

197 2243 299 2305 nescio
313 2263 351 2305 an
364 2246 515 2325 synesium
529 2264 651 2326 quoque
664 2245 851 2307 debebimus.
891 2244 1047 2305 libanium
1061 2264 1134 2323 ergo
1152 2245 1300 2325 cumipse

197 2345 294 2398 totum
309 2337 473 2417 aliqnando
487 2340 543 2401 sim
560 2339 629 2401 istis
650 2338 813 2401 sinentibus
833 2336 979 2411 editurus,
992 2338 1095 2411 rnsdto,
1108 2354 1197 2417 qnam
1212 2339 1301 2418 vulgo

197 2429 413 2503 circumfertur,
435 2434 663 2495 emendatiorem
682 2442 775 2511 atque
789 2429 1027 2512 locupletiorem,
1041 2430 1135 2493 risum
1152 2431 1211 2491 suit
1223 2450 1299 2510 opu·

196 2524 309 2584 sculum
325 2523 397 2586 illud
409 2527 477 2585 loco
490 2546 548 2586 suo
560 2544 719 2587 reservare.
747 2526 795 2585 De
805 2525 922 2585 Graecis
936 2526 968 2584 in
980 2524 1151 2585 AEacbinem
1167 2524 1298 2595 scholiis,

196 2636 214 2675 a
228 2636 275 2677 me
287 2616 383 2695 primo
395 2636 477 2677 nuuc
489 2617 521 2677 in
533 2618 629 2679 lucem
643 2618 779 2697 prolatis,
792 2615 914 2677 secmisn
935 2615 998 2675 disi
1018 2617 1050 2675 iss
1069 2617 1245 2694 praefatione
1262 2619 1299 2681 iis

197 2707 359 2788 premisse.
392 2709 527 2771 Codices
548 2709 696 2771 AEsohinis
716 2710 834 2771 calamo
853 2708 965 2767 exarati
978 2708 1030 2786 qni
1043 2710 1173 2789 Tayloro
1184 2712 1225 2771 sd
1238 2730 1301 2773 sna·

197 2820 267 2861 num
287 2798 407 2874 fuerint,
428 2802 482 2879 qui
502 2801 584 2871 mihi,
603 2820 622 2860 s
642 2799 818 2880 praefatione
834 2800 1015 2877 intelligetur
1034 2800 1112 2862 libro
1125 2804 1300 2868 variantium

197 2894 359 2955 lectionum
380 2894 549 2973 premissa,
572 2912 661 2971 quem
679 2892 711 2953 in
727 2892 872 2965 libellum,
887 2902 924 2953 ut
937 2893 1012 2954 alias
1028 2895 1139 2973 possim
1156 2898 1302 2959 annotati·

199 2986 319 3047 uoculae
333 2986 375 3046 ad
386 2986 557 3047 AEschinem
571 3006 662 3059 mma,
676 3006 744 3047 cum
752 2986 837 3046 locos
848 2984 924 3047 alius
931 2986 1031 3048 nullus
1040 2996 1206 3067 oportunus
1216 2988 1302 3051 dare·

195 3087 254 3153 tur,
275 3081 399 3153 contuli,
418 3080 460 3141 ita
480 3085 569 3141 omne
590 3098 710 3159 qnoque
730 3079 773 3152 id,
790 3079 874 3159 quod
891 3080 1033 3159 epistolas
1046 3082 1195 3143 AEschinis
1207 3083 1301 3162 perle-

141 3238 149 3254 .
197 3174 278 3252 genti
292 3173 375 3253 milri,
385 3192 452 3233 cum
466 3192 483 3233 e
497 3174 701 3255 typographos
711 3173 749 3235 ad
764 3194 812 3235 me
825 3172 997 3235 afferrentur
1006 3174 1231 3253 perlustrante,
1244 3194 1301 3257 pes

197 3266 416 3328 festinationem
439 3268 641 3328 succurrebat.
681 3266 772 3329 Initio
798 3266 876 3328 enim
902 3266 978 3327 nihil
1004 3266 1166 3349 quicquam
1186 3270 1218 3331 ia
1235 3270 1301 3334 illas

197 3360 338 3441 epistolas
351 3360 575 3421 annotationum
589 3360 659 3422 dare
679 3356 878 3423 decreveram.
891 3394 932 3409 -
943 3360 1071 3441 Propter
1082 3362 1300 3427 multitudinem

106 3507 109 3515 .
198 3472 296 3514 rernm
307 3472 368 3514 non
381 3452 469 3513 licuit
480 3453 588 3526 omnis,
602 3454 641 3515 sd
662 3454 831 3515 AEsehinem
847 3473 916 3533 quas
931 3454 962 3514 in
976 3464 1103 3534 prorata·
1112 3467 1222 3530 essent,
1240 3476 1301 3519 nnc

197 3546 531 3627 soluminecomplecti;
549 3566 672 3608 necesse
684 3546 1049 3627 fnitapparatumpartiri.
1068 3548 1168 3612 Primo
1178 3552 1300 3631 quidem

197 3640 228 3700 in
249 3638 407 3713 solumina,
427 3640 508 3718 quod
525 3639 591 3717 jam
607 3658 686 3702 nunc
702 3642 808 3701 vatris
820 3649 866 3701 est
878 3641 908 3701 in
922 3641 1070 3719 manibus,
1082 3644 1182 3719 amici,
1195 3645 1301 3706 videtis

197 3732 263 3812 ipsi,
279 3732 350 3812 quid
363 3732 558 3807 exhibuerim,
571 3743 606 3795 ut
619 3732 749 3795 docendi
766 3732 845 3794 baud
864 3732 940 3795 sitis.
980 3736 1086 3797 Altero
1097 3746 1208 3811 sutem,
1223 3738 1301 3799 intre

198 3844 312 3905 paucos
330 3844 445 3887 meuses
464 3826 629 3906 prodituro,
650 3846 719 3905 quse
739 3825 803 3886 sitis
820 3845 840 3886 a
858 3846 904 3886 me
923 3828 1022 3901 latori,
1040 3848 1136 3891 meum
1153 3840 1201 3891 est
1219 3847 1301 3893 unm

198 3917 296 3980 edere.
337 3918 561 3999 complectetur
581 3920 683 3999 itaquo
703 3918 833 3980 secunda
852 3938 921 3998 pars
941 3922 1090 3983 AEachinis
1109 3924 1167 3985 snei
1179 3924 1255 3988 haec.
1270 3927 1303 4004 1)

199 4006 353 4071 varietates
367 4012 504 4073 lectionis
515 4010 619 4073 AEsch.
634 4012 665 4073 in
678 4014 842 4074 orationem
853 4034 914 4076 sec.
928 4026 960 4077 et
972 4015 1099 4079 tertiam.
1120 4020 1159 4094 2)
1171 4020 1301 4082 indicem

166 4106 175 4127 ¹
199 4102 565 4179 (laetissimorum,
582 4105 621 4166 sd
638 4106 758 4187 paginas
776 4114 808 4167 et
826 4127 929 4169 versus
945 4109 1132 4187 Stephanicse
1150 4132 1303 4193 compass-

199 4206 262 4257 tum
271 4219 280 4269 ς
303 4195 445 4275 quiajam
460 4202 497 4259 A.
509 4204 600 4264 1707.
615 4216 689 4259 ame
700 4200 854 4262 coniectas
864 4210 920 4263 est
955 4201 1000 4261 Eo
1013 4201 1045 4262 in
1058 4203 1158 4267 indice
1171 4207 1301 4268 vocabu·

199 4290 294 4351 lorum
315 4300 406 4369 atque
425 4290 559 4353 locorum
571 4290 771 4355 difficiliorem
785 4296 945 4357 munuae
965 4296 1088 4359 modulo
1107 4318 1174 4361 meo
1186 4300 1300 4361 latinis

199 4383 296 4447 verbis
323 4384 457 4463 exposui.
498 4384 646 4465 copiosus
672 4396 703 4447 et
729 4385 898 4450 fructuosus
923 4398 988 4461 est:
1008 4400 1042 4451 et
1071 4392 1219 4471 ejusmffl
1244 4394 1302 4455 erit

198 4495 319 4556 quoque
333 4478 592 4552 Demosthenicus,
607 4498 673 4543 cum
689 4480 840 4559 prodieris
865 4482 925 4543 Sed
936 4483 1014 4545 ultra
1023 4484 1170 4547 cratim
1184 4484 1300 4547 AEscbi·
