3050 4909
445 336 529 406 nn
543 333 779 406 macarias
800 335 1090 448 arlsaoms.¹
1144 425 1148 442 Ι
1218 320 1301 408 295

201 499 255 591 (prul
264 496 444 581 sciretquid
454 499 496 564 rit¹
505 499 579 564 illud
592 503 675 581 quod
686 499 796 564 dicitnr
804 501 930 564 l'elicitei·
942 513 973 564 et
987 505 1111 565 solerter
1123 505 1302 582 excogitare.

202 596 365 656 Simnlstus
385 593 475 685 igitur
496 597 660 670 AEsclsines,
682 598 753 658 licet
774 597 902 676 ingenio,
926 599 1067 660 sermonis
1090 599 1244 677 elegantia,
1270 607 1302 658 et

201 688 300 748 nitore
318 689 459 752 orationis
475 690 563 768 louge
576 699 694 769 superet
711 689 859 751 infelicem
878 691 960 751 illam
980 690 1114 766 Simiam,
1127 693 1178 770 qui
1193 693 1300 751 Demo·

201 781 336 844 stheuem
357 781 463 842 imitari
477 783 581 855 voluit,
595 789 641 859 (et
654 783 833 844 mediocrem
847 803 917 846 sane
928 785 1107 864 Scriptorem
1123 803 1242 844 necesse
1256 794 1301 844 est

200 891 269 932 eum
282 873 385 944 misse,
397 876 451 952 qui
462 873 544 936 illum
559 893 618 934 non
631 878 805 955 exsuperet)
818 896 855 936 eo
872 885 980 948 tamen,
995 883 1083 936 estate
1103 877 1142 936 sit
1155 877 1302 955 posterior

201 975 393 1039 necessust,
406 985 494 1045 quem
509 986 713 1046 sepenumero
724 969 877 1039 exscribit,
885 975 917 1028 et
928 967 967 1028 nd
981 987 1071 1047 quem
1084 969 1200 1040 alludit,
1213 970 1301 1047 cujus

200 1055 330 1137 deniqne
342 1060 511 1121 testimonio
523 1070 690 1139 etquearte
702 1061 796 1119 utitur
809 1061 978 1140 sepissime.
1014 1073 1018 1080 '

239 1149 277 1210 ln
293 1151 430 1232 Epistola
441 1153 555 1224 ultime,
569 1171 638 1232 pag·
648 1157 719 1215 ⁷47.
734 1152 780 1211 ed.
794 1153 830 1212 Τ.
842 1153 950 1214 dicitur
960 1155 1113 1215 AEscbiues
1126 1174 1224 1214 secum
1239 1173 1301 1216 mn·

202 1250 280 1302 trem
292 1243 481 1322 grandevum
502 1245 532 1306 in
553 1245 686 1306 exsilium
700 1244 830 1317 ducisse,
844 1265 887 1306 sc.
902 1266 970 1323 quse
990 1265 1097 1306 annum
1114 1247 1179 1323 jam
1193 1246 1300 1326 agebat

200 1334 294 1396 7³⁴⁸!
307 1338 388 1396 Bene
394 1346 452 1396 est.
462 1337 616 1398 AEscbiues
625 1337 689 1416 ipse
698 1355 734 1394 es
743 1347 808 1396 erat
821 1345 994 1410 retuterunt
1005 1339 1052 1398 tro
1064 1359 1110 1398 res
1121 1341 1192 1418 geri,
1209 1351 1299 1418 atque

202 1425 250 1486 lite
265 1427 406 1505 Epistulas
420 1428 546 1500 emori,
557 1437 711 1508 putantur.
762 1428 810 1488 De
824 1439 912 1490 aetate
927 1429 1076 1492 AEscbiuis
1090 1433 1175 1511 plura
1189 1436 1218 1492 in
1235 1433 1300 1510 ejus

201 1519 274 1579 vita.
315 1519 425 1580 Adbuc
437 1529 537 1580 tnsuen
549 1520 589 1580 de
603 1519 712 1580 lintre.
752 1520 852 1599 Siquis
865 1525 941 1582 enim
960 1524 1106 1584 caloniam
1127 1545 1223 1586 areum
1245 1527 1301 1586 sli-

199 1631 343 1691 orumque
364 1612 403 1672 de
427 1613 574 1673 AEacbiois
598 1613 745 1673 natalibus
767 1631 825 1672 uon
850 1613 1005 1676 admittere
1031 1617 1109 1686 velit,
1132 1619 1234 1678 audiat
1256 1629 1301 1679 ts·

201 1725 270 1766 men
283 1707 455 1767 AEscbiusm
474 1706 504 1768 in
526 1705 676 1785 Epistolis,
689 1707 785 1765 eidem
798 1707 932 1768 AEscbiui
946 1709 974 1768 in
990 1711 1183 1771 Orationibus
1197 1713 1301 1775 sdver-

202 1802 449 1874 nutemntsser
476 1801 624 1860 AEsebinis
649 1799 772 1879 Olymp.
799 1799 910 1861 cxlv,
937 1821 1046 1862 aunum
1073 1803 1180 1882 agebat
1203 1807 1300 1870 πω.

200 1894 311 1972 (Epist.
322 1895 408 1970 xit.)
438 1893 516 1954 Nam
527 1913 563 1954 ee
576 1904 754 1973 tempestate
761 1894 809 1953 bac
822 1893 917 1954 literae
928 1906 1010 1955 erant
1018 1897 1210 1974 consignatae,
1222 1901 1316 1959 mor-'

203 1997 258 2048 tuo
276 2007 383 2067 nempe
399 1987 580 2049 Alexandro.
623 1990 762 2048 Attamen
777 1989 877 2048 Mater
890 1989 1036 2049 AEscbinis
1051 1990 1172 2070 Olymp.
1187 1991 1310 2066 xciii,

201 2099 342 2160 oppressa
365 2081 606 2144 u.XXX.'Virir
626 2083 709 2154 urbe,
730 2099 788 2140 nna
802 2101 867 2141 cum
884 2082 987 2142 marito
1001 2083 1174 2170 Qorinthum
1186 2085 1301 2162 aufugit

204 2177 303 2254 (Orat.
327 2201 361 2238 rr.
383 2175 519 2256 [lopucp.
539 2182 565 2248 ς.
578 2176 656 2254 μή).
695 2177 744 2234 Ab
766 2183 891 2234 exeunte
911 2173 1094 2254 Olympiade
1121 2176 1235 2236 xciii.
1260 2177 1300 2236 ad

201 2269 350 2329 ineuntem
373 2269 485 2329 cxlv.
512 2269 590 2328 Auni
609 2277 678 2328 suut
696 2267 825 2326 LXXX.
867 2267 984 2334 Quibus
1009 2268 1033 2328 si
1057 2267 1203 2346 adjeceris
1227 2269 1301 2330 XX.

193 2359 333 2423 ‚nubilem
352 2378 456 2440 nempe
475 2370 603 2432 aetatem,
617 2379 678 2420 nou
699 2359 755 2418 nisi
773 2360 961 2420 centesimum
980 2377 1089 2419 anuum
1108 2379 1196 2439 agere
1214 2373 1304 2440 pote·

155 2473 159 2480 ’
201 2464 250 2516 sss
275 2474 312 2515 en
333 2453 452 2529 Mulier,
477 2455 570 2534 ipsius
598 2453 753 2514 AEscbinir
780 2453 907 2524 calculo,
936 2471 1003 2531 qne
1034 2453 1072 2512 nb
1102 2453 1301 2531 Epistularum

202 2548 348 2628 scriptore
359 2567 453 2608 sonos
469 2557 539 2610 nata
559 2567 624 2607 esse
638 2545 750 2606 dmitnr
761 2545 947 2608 solummodo
959 2547 1162 2627 septuaginta,
1176 2557 1206 2607 et
1220 2547 1303 2626 qnod

204 2643 343 2704 excurrit.

204 2769 213 2778 ·
243 2737 317 2796 Post
330 2735 459 2799 Matrem
472 2739 608 2817 requitur
622 2735 792 2817 Disputatio
806 2735 844 2796 de
863 2735 987 2796 Liberis.
1028 2735 1106 2796 Nam
1121 2735 1213 2798 etbic
1232 2755 1305 2816 qaro·
1420 2743 1425 2756 “

204 2849 264 2908 qne
276 2830 379 2891 infelix
391 2832 442 2892 ille
455 2833 548 2892 Sorax
560 2851 615 2891 sno
626 2851 657 2891 se
672 2829 784 2891 iudicio
798 2827 939 2908 prodidit.
974 2829 1027 2888 Ait
1040 2830 1186 2909 Scriptor,
1201 2849 1232 2888 se
1243 2840 1303 2890 tres

204 2925 343 3004 pnnnlos
356 2925 466 2986 liberos
479 2944 580 2986 secum
599 2943 720 3002 quoque
736 2923 908 2995 abduxisse,
922 2923 974 2999 qni
989 2942 1044 3001 per
1056 2934 1174 2982 aetatem
1192 2925 1303 3003 grando

205 3016 284 3078 istud
297 3016 491 3088 infortunium
506 3016 600 3089 emilii
616 3017 724 3076 sentire
737 3033 797 3074 uon
812 3024 960 3092 poteraut.
1001 3019 1215 3092 Argumentum
1235 3037 1304 3091 sano

204 3120 305 3189 aptum
324 3108 363 3168 ad
383 3110 497 3168 animos
516 3128 618 3169 eorum
638 3107 878 3179 commovendos,
891 3107 929 3168 ad
953 3125 1028 3185 quos
1047 3109 1160 3180 scribit,
1174 3109 1226 3168 sed
1243 3131 1305 3188 quo
1398 3119 1401 3130 '

204 3201 268 3282 ipse
288 3202 444 3263 AEscbiues
464 3201 508 3262 uti
526 3221 585 3261 nou
599 3201 707 3282 potnit.
742 3201 803 3259 Eos
829 3201 932 3278 utique
953 3199 1073 3270 liberos,
1087 3199 1162 3260 dnos
1185 3201 1248 3260 scil.
1258 3199 1303 3280 fi-

205 3299 271 3369 lior,
283 3306 313 3357 et
328 3303 456 3376 gnatust
474 3296 589 3355 unicam
610 3293 752 3372 produxit
771 3292 801 3350 iu
817 3293 913 3352 Causa
927 3291 1182 3371 Παραπρεσβείας.
1215 3293 1305 3370 (Vide

205 3392 328 3468 §.piet
343 3392 433 3465 bvi.)
455 3388 490 3446 ld
512 3397 576 3447 erat
596 3386 786 3446 intervallum
804 3385 907 3463 viginti
923 3384 962 3446 ad
980 3385 1131 3444 minimum
1152 3403 1304 3446 annorum.
1400 3433 1404 3447 .

204 3481 305 3552 Quidt
325 3479 510 3562 duosfilios,
531 3479 583 3560 qui
596 3480 660 3558 jam
681 3478 795 3539 diutins
814 3498 850 3540 en
872 3478 996 3556 ephebis
1021 3487 1218 3548 excesserant,
1245 3489 1303 3539 tam

204 3575 290 3653 plane
302 3575 374 3634 nibil
388 3573 602 3653 persentiscere
614 3572 767 3650 potuisset
807 3571 910 3640 Quidl
930 3571 1129 3650 ‘virginemne
1143 3581 1200 3630 tatu
1216 3590 1303 3650 gran·

206 3669 273 3729 dem
289 3668 434 3728 nerninem
448 3665 613 3736 meminisse
623 3665 748 3726 Athenis
759 3663 905 3735 relictam,
916 3683 1043 3743 quocum
1056 3663 1152 3724 aetatis
1167 3664 1247 3742 quod
1263 3685 1305 3726 re-

203 3761 318 3842 liquum
328 3769 393 3820 erat
406 3759 543 3818 lubenter
556 3758 751 3839 transigereti
793 3759 886 3836 Atqui
900 3758 949 3817 isti
962 3755 1045 3816 liberi
1060 3777 1118 3816 non
1132 3766 1194 3817 tunr
1209 3759 1302 3818 nolurn
1417 3809 1419 3814 .

157 3847 162 3856 ’
204 3856 267 3915 nati
281 3863 375 3927 eraut,
389 3871 456 3913 cnm
478 3871 513 3911 ea
535 3871 624 3912 causa
642 3851 848 3932 perorabatur,
863 3853 949 3909 Anno
967 3849 1032 3910 scil.
1056 3851 1177 3942 OQP·
1192 3851 1303 3913 ClXM.

203 3948 258 4009 2⁰⁹.
273 3967 373 4008 verum
394 3967 463 4007 curn
478 3965 522 4006 eae
535 3967 583 4007 res
597 3957 689 4024 gestae
703 3955 796 4014 erant,
809 3964 883 4023 quas
897 3943 1119 4005 insimulabatur
1132 3943 1206 4007 iuba
1223 3947 1303 4005 Con-

204 4041 338 4101 tentioue
362 4060 430 4100 cum
452 4039 591 4118 Philippo
613 4047 717 4098 contra
741 4039 865 4116 patriam
895 4037 1035 4114 agitasset.
1057 4035 1166 4115 Ἐρωτῶ
1194 4025 1303 4116 {aad

204 4135 361 4207 Ἀθηναῖοι,
376 4138 399 4194 si
421 4133 488 4192 δοκῶ
506 4137 543 4192 ἂν
562 4133 629 4207 ὑμῖν
643 4164 717 4178 --
737 4136 850 4196 τούτους
866 4127 930 4196 rode
946 4131 1060 4189 πάντων
1075 4110 1228 4216 drdpaitnfsdv
1242 4131 1303 4210 ἐμοὶ

203 4233 355 4308 φιλτάταις
368 4227 520 4305 προδοῦναι
531 4225 674 4304 Φιλίππῳ
697 4244 738 4282 sc.
751 4225 805 4283 lios
818 4221 936 4293 liberos,
951 4243 1025 4300 quos
1038 4223 1098 4298 jam
1114 4215 1304 4300 produxerat,

204 4323 289 4398 §.pri
331 4321 463 4380 Necesse
488 4329 533 4380 est
561 4317 659 4396 igitur,
675 4327 707 4374 at
734 4335 798 4375 earu
824 4314 948 4374 Causam
973 4325 1061 4375 aetate
1089 4316 1303 4394 aliquantalum

202 4413 357 4474 anteirent.
