3050 4909
652 266 907 338 ramerus.
1189 344 1196 355 ί
1270 271 1329 338 xm

226 425 348 489 nudem
368 426 530 506 aliquando
549 438 666 491 metam.
707 432 844 495 Montem
859 433 1018 495 escendere
1038 435 1118 506 licet,
1142 434 1220 494 saltu
1242 453 1334 513 supe·

223 538 292 582 rare
315 530 454 603 negatum
478 532 533 583 est.
575 526 699 584 Strenue
723 525 814 587 modo
835 538 926 606 atque
949 528 1086 587 alacriter
1107 535 1138 588 et
1160 528 1331 599 liberaliter,

227 623 379 692 quotquot
393 614 495 674 volunt
509 612 670 675 literaturae
685 619 806 679 Graecoe
820 619 946 680 studiosi
959 617 1062 693 videri,
1085 628 1183 699 coepta
1201 638 1267 679 mea
1284 640 1329 678 se-

226 706 367 766 cundeu't.
409 706 542 767 Emendo
561 727 636 786 opos
656 718 688 769 et
708 722 907 795 προεισφοραῑς
925 732 1043 773 cursum
1065 712 1131 789 ejus
1151 712 1328 784 accelerent,

226 818 324 879 neque
339 800 492 861 sinantme
501 801 557 861 sub
571 821 661 863 onere
675 813 833 877 sumtuum,
843 806 890 865 oui
904 805 1027 865 ferendo
1041 806 1121 865 solus
1134 807 1191 885 ego
1202 824 1256 884 par
1269 824 1330 864 nou

226 912 305 967 sum,
332 894 535 955 succumbere
576 894 675 955 Pudet
699 894 800 957 dicere
819 898 936 957 —Sed
961 918 1080 977 parcam
1107 898 1217 978 pudori
1243 897 1331 974 hujus

226 986 329 1059 seculi,
342 986 467 1065 ejusque
482 986 519 1047 ad
538 992 675 1066 posteros
698 987 794 1059 lamae,
817 988 987 1068 diligentins
1007 991 1210 1067 enumquam
1233 990 1330 1069 ipsum

226 1098 290 1141 suae
303 1080 409 1158 parcit.
451 1080 551 1159 'l'urpe
565 1080 659 1153 dictu,
678 1090 709 1141 et
729 1100 817 1161 poene
836 1082 1010 1143 incredibile
1030 1092 1087 1153 est,
1110 1102 1199 1161 quam
1220 1083 1251 1143 iu
1272 1083 1329 1144 boc

227 1182 287 1232 tam
301 1171 394 1233 arduo
407 1190 510 1252 opere,
524 1183 585 1233 tam
600 1174 637 1234 ad
653 1174 776 1253 gloriam
789 1176 903 1254 patrias,
918 1186 976 1236 tarn
991 1174 1031 1235 ad
1045 1185 1215 1235 ornamenta
1235 1177 1328 1236 bona-

227 1282 292 1323 rum
305 1264 412 1325 artium
427 1264 603 1343 pertinente,
615 1286 634 1327 a
648 1268 833 1341 liberalitate,
846 1287 906 1327 non
923 1268 1020 1328 dicam
1039 1267 1171 1346 publica,
1186 1287 1255 1347 quse
1274 1268 1329 1327 bac

225 1366 316 1417 estate
329 1356 436 1419 frustm
449 1369 592 1437 speretur,
607 1359 659 1419 sed
673 1380 690 1420 a
704 1359 819 1438 privata
832 1379 932 1420 eorum
947 1360 1002 1421 sim
1016 1360 1161 1431 desertus,
1175 1362 1227 1439 qui
1242 1360 1330 1420 bonas

226 1448 397 1521 literature,
413 1458 445 1511 et
464 1450 584 1511 Graecas
608 1451 749 1531 imprimis
774 1461 900 1514 statores
924 1452 1037 1513 baberi=
1050 1454 1161 1513 volunt.
1205 1453 1275 1512 Non
1298 1453 1330 1513 bi

227 1541 318 1603 modo
340 1562 400 1603 non
424 1543 641 1619 commendant,
665 1544 747 1625 quod
770 1544 869 1605 facere
894 1557 1042 1625 poterant,
1065 1557 1156 1625 atque
1178 1546 1330 1607 debebant

227 1637 314 1710 adeo,
332 1633 388 1697 ¹scd
403 1656 507 1698 vereor
520 1640 566 1697 'ne
584 1638 644 1699 siut
664 1658 797 1717 quoque,
816 1640 868 1717 qui
888 1638 1031 1698 infament
1052 1640 1141 1698 etiam
1163 1638 1220 1698 boc
1242 1658 1327 1718 opus,

227 1740 318 1808 atque
337 1731 367 1790 in
389 1730 585 1809 suspicionem
608 1742 639 1791 et
659 1730 798 1791 invidiam
819 1728 968 1791 adducere
990 1730 1133 1792 laborent.
1175 1730 1329 1815 suppetiae

229 1824 300 1884 mihi
318 1834 461 1885 venerunt
481 1819 669 1903 pecuniariae,
694 1823 772 1884 uude
794 1824 912 1884 minime
935 1830 1130 1902 speraveram.
1171 1824 1329 1901 Symbolas

229 1918 369 1979 miserunt
388 1917 429 1989 hi,
443 1936 519 1995 quos
537 1917 669 1978 homines
688 1926 774 1978 natos
796 1937 855 1977 nou
876 1937 987 1977 noram.
1029 1917 1116 1985 Quos
1132 1916 1328 1977 amicissimos

229 2011 338 2071 babere
358 2010 525 2083 credebam,
547 2011 655 2089 quibus
677 2008 807 2071 fidebam
827 2010 963 2082 manime,
978 2010 1009 2069 hi
1027 2029 1074 2068 mc
1090 2010 1268 2080 destituunt,
1284 2009 1328 2069 vi·

227 2096 332 2165 dentes
346 2122 407 2182 qno
421 2103 533 2163 vortice
553 2103 745 2181 circumagar.
787 2103 846 2161 Per
859 2102 925 2162 illos
939 2121 999 2160 non
1013 2111 1082 2174 stat,
1097 2121 1158 2181 quo
1173 2102 1267 2160 minus
1288 2102 1328 2160 ab

227 2198 278 2257 illo
292 2197 402 2257 vortice
423 2196 549 2255 bauriar.
592 2196 680 2255 Dona
699 2214 797 2273 neque
817 2194 871 2254 tuli
889 2214 909 2253 a
923 2212 1084 2272 quoquam,
1106 2214 1204 2273 neque
1224 2213 1328 2273 posco.

228 2290 394 2351 Satis-mihi
411 2288 475 2359 erit,
490 2286 661 2366 frequentes
675 2286 701 2346 si
714 2297 821 2347 coeant
834 2296 970 2345 emtores.
984 2291 1172 2366 προεισφορὰς
1186 2307 1238 2345 seu
1252 2304 1329 2364 pree·

227 2383 441 2447 numerationes
456 2376 553 2459 pretii,
570 2379 648 2439 haud
664 2378 799 2439 absolute
812 2378 942 2456 postulo,
958 2396 1135 2456 quamquam
1149 2398 1217 2438 cnm
1231 2389 1330 2457 gratu-

228 2476 336 2537 latione
351 2493 416 2535 sum
433 2481 621 2550 accepturus,
635 2472 660 2531 si
675 2471 726 2550 qui
737 2468 882 2529 'conferre
896 2469 1006 2528 volent.
1049 2470 1213 2529 Contentus
1228 2476 1289 2540 ero,
1304 2470 1330 2529 si

230 2570 367 2629 volumen
388 2570 422 2627 ut
442 2564 585 2646 quodque
608 2564 692 2644 prelo
713 2562 827 2634 exierit,
849 2570 973 2623 ematur.
1016 2561 1214 2633 Periclitatur,
1239 2562 1328 2633 cives,

228 2662 320 2740 gloria
336 2660 450 2741 patrias,
464 2659 648 2739 periclitatur
669 2658 747 2717 salus
761 2657 879 2715 Graecae
893 2654 1052 2715 literaturae
1064 2654 1095 2713 in
1109 2654 1270 2715 Germania
1284 2674 1330 2714 re·

227 2756 369 2815 viviscere
380 2752 524 2824 conantis,
539 2752 563 2811 si
576 2749 748 2810 diffidentiae
764 2758 879 2819 vestrm,
895 2749 920 2807 si
941 2747 1090 2819 sordibus,
1105 2748 1129 2807 si
1150 2746 1329 2820 invidentia,

229 2847 254 2907 si
263 2847 386 2927 privatis
398 2842 575 2925 quibusdam
588 2861 702 2903 mecum
716 2840 914 2901 simultatibus
926 2840 1051 2919 aliisque
1065 2840 1155 2902 animi
1168 2840 1277 2901 morbis
1288 2840 1330 2900 ita

225 2940 352 3015 cedatis,
367 2949 401 3001 ut
413 2949 544 3019 creptum
560 2938 618 2997 boc
631 2937 663 2997 in
676 2936 741 3015 ipso
756 2945 844 3014 partu
854 2934 924 2995 elidi
937 2934 1098 3013 patiamini.
1194 2987 1199 2997 .

614 3124 617 3134 '
669 3154 889 3227 seon.vn

380 3283 525 3347 Rationes
538 3286 723 3357 sumtumioe,
736 3302 928 3363 expensorum
940 3289 969 3343 rt
983 3291 1177 3363 acceptorum.

267 3390 336 3462 Sed,
352 3401 383 3451 ut
405 3391 517 3463 sciatis,
531 3390 622 3461 cives,
638 3388 805 3449 universum
825 3388 915 3466 hujus
937 3388 1047 3467 negotii
1067 3397 1185 3458 statum,
1199 3385 1328 3465 locique,

227 3502 289 3560 quo
301 3484 462 3545 conclusus
477 3503 551 3554 sum,
566 3482 763 3561 iniquitatem,
777 3490 810 3541 et
822 3481 947 3560 periculi
968 3481 1027 3539 mei
1042 3479 1272 3559 magnitudinem
1286 3478 1331 3536 in.

226 3576 373 3654 telligatis,
385 3576 464 3637 bona
478 3576 537 3637 fide
551 3575 705 3636 vobiscum
719 3594 816 3654 agam,
827 3574 955 3635 rationes
969 3584 1161 3653 acceptorum
1172 3584 1204 3635 et
1219 3592 1332 3653 expen-

226 3686 325 3731 sorum
339 3671 424 3731 vobis
437 3668 631 3741 exhibiturus,
646 3678 680 3729 ut
700 3666 756 3745 ipsi
769 3666 931 3739 aestimetis,
947 3675 1133 3745 qumstumne
1154 3668 1269 3740 faciam,
1282 3664 1329 3725 di·

227 3760 371 3841 vitiasque
384 3782 483 3835 vener,
496 3782 533 3823 an
544 3762 702 3823 discrimen
714 3760 837 3820 adierim
846 3760 947 3839 reique
957 3759 1105 3838 famaeque
1116 3759 1332 3838 decoquendoe.

227 3854 309 3934 quod
324 3854 349 3915 ai
364 3854 473 3928 secero,
487 3875 547 3915 non
562 3874 627 3913 mea
640 3873 676 3913 ea
687 3851 777 3931 culpa
790 3852 856 3925 erit,
870 3859 901 3913 et
915 3852 1058 3911 bonorum
1073 3853 1202 3913 omnium
1213 3852 1332 3931 judicio
1391 3919 1393 3928 Ι

225 3968 283 4027 ego
300 3956 458 4009 excusatus
479 3947 622 4009 habebor.
664 3947 734 4007 Duo
754 3944 927 4024 prodierunt
942 3946 1153 4007 Demosthenis
1175 3945 1333 4027 volumina,

226 4040 345 4101 tertium
366 4060 446 4101 nuuc
468 4040 579 4120 prodit,
594 4038 765 4099 AEsohinem
781 4036 934 4098 exbibens.
975 4038 1090 4099 Horum
1107 4038 1195 4098 trium
1209 4039 1332 4099 volumi·
1427 4066 1432 4077 ·

225 4152 295 4193 num
318 4132 350 4191 in
371 4151 463 4194 unum
484 4131 627 4213 quodque
642 4140 770 4191 sumtum
786 4129 844 4191 leci
866 4130 1050 4190 ducentenos
1070 4131 1288 4210 propemodum
1302 4143 1333 4193 et

225 4225 454 4305 quinquagenos
473 4226 600 4287 ducatos
621 4243 727 4285 aureos
746 4223 939 4283 bollandioos.
967 4224 1055 4303 (Utar
1068 4224 1126 4284 boc
1147 4243 1255 4305 genere
1274 4244 1334 4283 mo·

177 4308 180 4318 ¹
224 4329 303 4381 netas
323 4320 352 4381 in
371 4316 429 4381 boc
444 4320 570 4392 calculo,
585 4317 668 4397 quod
688 4336 723 4376 ea
737 4317 908 4377 nationibus
922 4316 1061 4377 omnibus
1075 4325 1215 4388 comest,
1229 4316 1334 4376 thaleri

225 4414 388 4502 germanici
408 4413 472 4475 noti
495 4423 564 4473 sunt
582 4410 769 4491 paucissimis
788 4419 872 4470 extra
886 4410 1101 4487 Germaniam.)
1141 4410 1183 4469 lli
1203 4413 1264 4469 250
1278 4408 1333 4467 du·
