3050 4909
461 330 525 399 DE
546 332 761 402 AESGHINE
784 336 1018 407 ORATORE.
1213 343 1292 409 xxix

190 494 241 555 bet
254 500 364 565 orator,
378 513 434 554 nec
447 494 534 556 nimis
550 495 684 557 studiose
699 499 850 561 affectare.
893 498 1043 559 Dissolnta
1063 499 1142 559 enim
1155 497 1250 561 oratio
1262 510 1294 561 et

189 585 304 645 divulsa
317 595 347 645 et
361 586 445 647 bians
459 605 518 646 non
533 589 627 649 solum
639 590 758 650 auribus
772 592 894 651 moleste
904 590 1026 663 accidit,
1037 610 1138 651 rerum
1149 591 1239 651 etiam
1248 592 1294 652 iu·

188 679 341 740 tellectum
354 686 389 750 et,
398 680 641 760 perspicuitatem
656 683 766 743 turbet.
808 684 906 744 Nimis
920 703 990 745 vero
1003 683 1188 745 concinnitas
1200 693 1230 746 et
1245 705 1294 745 ro·

187 773 312 852 luptatis
325 773 499 852 auriumque
510 782 648 853 apertum
658 776 818 855 aucupium
827 788 920 838 artem
933 777 1043 857 prodit,
1053 777 1292 856 probabilitatem

188 865 326 943 impedit,
340 866 464 926 oratoris
480 866 509 927 in
524 867 645 927 minutis
661 868 749 929 rebus
763 870 877 948 puerile
892 870 1021 931 studium
1040 871 1143 949 culpat
1154 870 1292 932 taedium·

190 978 250 1037 que
260 958 443 1019 auditoribus
454 958 551 1021 affert.
593 960 678 1021 Hanc
692 960 880 1039 quorundam
891 963 1052 1023 vanitatem
1062 964 1104 1023 ita
1113 983 1167 1043 per
1177 983 1293 1025 omnem

189 1051 353 1111 orationem
368 1051 523 1113 AEscbines
537 1052 652 1123 vitarit,
669 1064 701 1113 ut
715 1054 796 1132 apud
811 1073 878 1114 eum
890 1074 948 1113 non
963 1054 1090 1132 quaesita
1102 1065 1135 1116 er
1146 1066 1250 1134 aperta
1262 1065 1294 1117 et

189 1142 356 1218 immodica,
370 1144 421 1205 sed
436 1152 516 1216 nate,
531 1144 684 1205 moderatu
698 1156 729 1206 et
745 1146 842 1207 celata
861 1147 952 1207 lateat
965 1146 1160 1207 concinnitas.
1202 1149 1292 1209 Com-

189 1236 272 1314 parin
287 1246 399 1321 vernet
416 1239 557 1317 opposita
574 1239 766 1319 similiterque
780 1241 921 1301 conclusa
935 1251 966 1302 et
979 1242 1114 1304 cadentia
1132 1253 1164 1304 et
1177 1262 1293 1303 omnem

189 1328 270 1388 illam
291 1330 516 1407 supellectilem,
539 1331 577 1392 ad
599 1332 826 1392 ostentationem
846 1332 948 1411 magis,
968 1353 1058 1412 quam
1078 1334 1117 1395 ad
1138 1335 1292 1397 utilitatem

190 1430 403 1500 comparatam,
414 1424 551 1485 consulto
564 1424 702 1503 neglexit.
744 1425 1171 1488 Alienumenimncertnmine
1182 1438 1295 1488 vernet

189 1516 220 1577 in
242 1517 349 1596 capitis
369 1519 502 1598 periculo
523 1520 616 1598 turpis
638 1528 685 1581 est
705 1520 862 1582 verborum
883 1524 964 1583 lusus
984 1530 1017 1581 et
1036 1522 1215 1601 argutiarum
1234 1530 1295 1583 stu·

164 1692 170 1701 ,
189 1609 282 1671 dium.
308 1611 356 1670 Ne
367 1631 437 1671 vero
450 1622 529 1673 esset
543 1612 688 1675 fluctuans
700 1622 731 1673 et
743 1615 920 1695 confragosa
928 1616 1033 1687 orntio,
1041 1616 1191 1676 literarum
1205 1636 1293 1695 nspe-

189 1722 255 1763 rum
277 1722 455 1765 concursum
477 1714 509 1766 et
530 1706 694 1783 strepitum,
708 1707 855 1765 vocalium
875 1708 987 1767 hiatum
1001 1718 1033 1766 et
1050 1708 1234 1784 frequentem
1249 1708 1293 1767 vi-

189 1794 342 1858 ciuitatem
355 1798 444 1871 cavit,
456 1809 488 1859 et
501 1800 613 1877 ubique
626 1798 756 1859 lenitatis
771 1808 802 1858 et
815 1802 959 1872 λειότητος
971 1801 1086 1860 aurium
1103 1799 1220 1876 jndicio
1240 1821 1293 1861 cu·
1391 1849 1394 1858 .

190 1907 254 1949 ram
266 1892 366 1968 gessit.
396 1892 483 1951 Hanc
494 1891 573 1950 enim
587 1908 706 1950 causam
720 1910 787 1950 esse
796 1890 912 1967 judico,
928 1910 981 1950 cur
994 1891 1060 1968 ejus
1073 1892 1223 1957 orationes
1232 1902 1293 1953 tam

187 1982 333 2060 jucundae
347 1984 405 2042 sint
419 1983 597 2062 legentibus,
611 1970 747 2059 quani'ris
761 2001 820 2042 non
835 1983 978 2061 ignorem,
994 1984 1129 2061 gretiam,
1144 2004 1213 2062 quse
1227 1984 1294 2045 fusa

190 2082 237 2135 cst
249 2094 303 2155 per
314 2083 406 2137 totum
417 2074 590 2147 orationem,
606 2078 682 2137 banc
695 2076 838 2154 imprimis
851 2077 909 2137 sibi
923 2076 1041 2137 laudem
1051 2078 1214 2141 vindicare.
1243 2080 1293 2140 Fi-

191 2188 340 2248 guratum,
350 2168 390 2229 de
404 2167 513 2247 quibus
528 2169 575 2228 vix
587 2179 632 2229 est
647 2188 723 2248 opus
737 2169 849 2240 dicere,
864 2169 968 2230 eadem
982 2180 1028 2229 est
1043 2171 1129 2231 ratio.
1170 2172 1293 2233 sienim

190 2264 221 2323 in
231 2272 366 2342 tempore
377 2270 408 2322 et
418 2282 507 2341 parce
516 2262 891 2334 adhibeantur,orationem
901 2264 1089 2323 illustrantet
1098 2264 1293 2342 distinguunt,

191 2362 327 2415 ornatum
348 2354 511 2424 declarant,
526 2351 662 2414 suavitati
677 2354 840 2413 inserviunt
854 2363 885 2413 et
899 2354 1051 2413 sententiis
1066 2354 1157 2413 robur
1170 2355 1294 2417 addunt.

191 2448 291 2525 Hujus
305 2446 421 2525 generis
435 2457 482 2509 etl
499 2446 665 2524 praeleritio
678 2449 714 2519 (r.
729 2444 854 2526 Κτησιφ.
869 2450 894 2518 ξ.
908 2446 953 2520 κ’.)
965 2450 993 2506 ri
1008 2451 1066 2524 γὰρ
1080 2444 1120 2505 δεῖ
1137 2454 1188 2506 νῦν
1206 2460 1297 2507 ταῦτα

191 2544 289 2616 λέγειν
299 2551 358 2602 etc.
371 2540 536 2621 asyndeton
544 2538 631 2617 (ibid.
642 2550 666 2619 ξ.
676 2540 724 2611 Εἴ.
734 2536 800 2614 tin.)
810 2540 937 2605 κλέπτεις
950 2546 1003 2609 τὴν
1013 2542 1143 2618 (irpinisi,
1154 2540 1296 2619 polysyn-

192 2636 283 2699 deton
296 2642 333 2714 (κ.
346 2636 475 2717 Τιμάμχ.
496 2648 522 2717 §-
541 2634 604 2711 ιβ’.)
623 2638 670 2695 καὶ
683 2640 722 2715 μὴ
735 2639 825 2715 μόνον
845 2644 903 2695 etc.
917 2635 1066 2713 anaphora
1080 2639 1117 2709 (r.
1132 2636 1255 2719 Κτησιφ.
1269 2652 1295 2721 §-

191 2734 235 2804 εὴ.
250 2730 317 2807 fin.)
330 2732 376 2789 ἐπὶ
390 2731 495 2791 ταυτὸν
508 2734 604 2796 καλεῖς
618 2737 678 2788 etc.
691 2728 899 2787 sermocinatio
911 2729 949 2806 (r.
967 2727 1095 2815 Τιμὰμχ.
1110 2728 1135 2796 i.
1150 2730 1193 2799 ιζ.
1208 2729 1300 2803 med.)

193 2824 272 2885 ἔστιν
285 2823 336 2885 olo
349 2828 367 2897 ἢ
380 2824 488 2906 μάρτυς
501 2833 559 2883 etc.
574 2842 643 2901 quae
658 2822 760 2901 tigerne
775 2822 815 2881 ab
829 2820 973 2881 AEschine
993 2840 1094 2883 omnes
1109 2824 1138 2881 iu
1153 2832 1297 2901 tempore,

195 2917 367 2999 utiliterque
381 2926 448 2978 sunt
462 2916 617 2977 adhibitae.
784 2926 787 2929 ’

573 3152 576 3157 “
613 3138 743 3208 SEGT.
767 3138 879 3206 XIII.

477 3279 526 3339 De
541 3283 625 3341 siliis
639 3276 814 3359 quibusdam
828 3278 1011 3337 elocutionis.

235 3396 295 3457 Sed
310 3395 360 3457 lric
375 3404 473 3457 tantus
495 3407 603 3469 orator,
619 3396 670 3475 qui
686 3396 797 3471 ubique
816 3412 1018 3473 personarum,
1034 3410 1129 3451 rerum
1144 3399 1176 3450 et
1195 3390 1294 3451 decori

195 3487 299 3547 babuit
317 3489 470 3560 rationem,
487 3490 538 3568 qui
560 3489 657 3547 tenuia
681 3486 819 3556 tenuiter,
839 3485 1002 3545 mediocria
1020 3483 1180 3554 moderate,
1198 3481 1298 3561 grania

196 3582 359 3642 sublimiter
373 3580 467 3652 disit3
491 3583 515 3641 is
530 3590 627 3641 tamen
643 3581 672 3639 in
688 3579 869 3657 quibusdam
885 3578 958 3637 locis
973 3578 1018 3636 sni
1033 3586 1080 3635 est
1090 3575 1257 3635 dissimilior
1267 3584 1298 3635 et

195 3674 303 3753 ingenii
316 3674 421 3733 fraude
436 3693 466 3733 ee
481 3674 590 3734 abduci
607 3693 710 3752 passus
725 3681 772 3731 est
785 3672 822 3731 nd
837 3671 978 3750 puerilem
993 3671 1100 3729 lusum.
1130 3668 1205 3737 Quis
1219 3670 1299 3728 enim

195 3785 263 3825 eum
274 3766 361 3837 serat,
374 3784 443 3826 cum
457 3766 530 3825 dicit
543 3766 583 3824 de
595 3760 871 3849 Demosthene,'qui
887 3763 926 3822 ob
944 3764 1046 3841 plagas
1058 3780 1077 3820 a
1091 3761 1185 3821 Midia
1199 3762 1297 3840 capite

195 3868 334 3937 acceptas
348 3858 504 3937 pecuniam
517 3871 683 3937 acceperat,
699 3862 734 3933 (r.
747 3864 868 3936 Κτησιφ.
879 3865 903 3933 t.
914 3855 961 3916 od.
973 3853 1039 3930 lin.)
1050 3857 1083 3913 oi
1097 3858 1229 3931 κεφαλὴν,
1244 3857 1299 3913 α’λ-

194 3954 236 4012 λά
249 3952 390 4030 πρόσοδον
403 3950 547 4024 κέκτηταιῖ
568 3951 644 4020 Quae
659 3952 736 4011 enim
751 3947 914 4010 similitudo
928 3949 1006 4009 inter
1019 3952 1186 4031 sepeliret
1197 3951 1301 4028 srpdno·
1331 4002 1334 4007 .

194 4043 266 4105 ics‘l
287 4044 363 4113 Quis
378 4064 467 4124 porro
483 4062 542 4104 non
561 4043 678 4124 frigoris
692 4053 823 4114 accuset,
837 4062 905 4102 cum
924 4042 1051 4103 eundem
1071 4041 1300 4103 Demosthenem

195 4136 328 4216 appellnt
340 4136 427 4214 (ibid.
436 4149 459 4217 ξ.
470 4138 539 4213 ιμ’.)
553 4142 663 4222 λῃστὴν
675 4137 854 4217 πραγμάτων
867 4136 909 4195 ἐπ’
928 4132 1076 4213 ὀνομάτων
1095 4135 1144 4195 tut
1157 4145 1207 4206 τῆς
1220 4139 1302 4195 πολι·

192 4236 271 4298 τείας
285 4228 432 4291 πλέονταῖ
451 4234 559 4315 λῃστὴν
572 4230 751 4310 πραγμάτων
765 4228 932 4309 gravissime
947 4227 1031 4288 dixit.
1074 4227 1212 4306 Reliqua,
1230 4228 1302 4305 quin

194 4334 265 4385 sunt
282 4324 437 4387 dissimilia
457 4335 488 4385 et
509 4346 626 4386 sensnm
649 4346 708 4385 non
728 4326 848 4399 habent,
863 4324 981 4403 frigent.
1023 4324 1100 4393 Quis
1113 4324 1191 4384 enim
1204 4323 1302 4383 verbis

194 4427 335 4495 tunquam
351 4420 418 4479 uari
437 4426 546 4491 utatur,
561 4428 613 4479 aut
626 4418 692 4496 quis
706 4438 761 4497 per
772 4417 922 4477 civitatem
936 4427 1077 4495 tanquam
1092 4437 1146 4496 per
1158 4437 1237 4477 mare
1249 4435 1301 4474 un·

195 4509 293 4588 rigare
303 4512 420 4591 possitl
442 4515 483 4572 At
495 4513 586 4573 risum
601 4522 722 4592 captare
738 4513 838 4573 voluit.
881 4512 989 4573 Audio.
1032 4513 1191 4573 Putosane
1202 4532 1218 4572 e
1230 4529 1302 4571 nan-
