3050 4909
553 563 590 646 I.
637 565 1008 650 TAYLORI

573 863 577 870 ,
622 759 944 859 ruarmo*

301 1132 721 1270 AEscflims
785 1161 1252 1324 opinionis
1340 1173 1343 1182 ⁴

224 1417 355 1490 Hesus,
375 1418 416 1476 nsi
440 1417 560 1490 lector,
574 1415 724 1496 Epistolas
746 1415 906 1495 AEschinis‚
923 1417 992 1494 jure
1015 1417 1129 1496 optimo
1151 1416 1340 1496 subjunctas-

223 1510 272 1571 isti
295 1511 527 1585 Controversia,
541 1527 610 1588 quas
633 1509 776 1569 Exsilium
800 1511 1253 1590 comparavithuctori,ati1oe
1281 1512 1326 1571 his

222 1603 331 1665 Literls
345 1604 489 1682 originem
506 1602 638 1683 prehoit
651 1609 683 1662 et
695 1611 916 1682 argumentum.
952 1603 1022 1676 Quo
1034 1603 1122 1663 etiam
1142 1603 1252 1664 fectum
1267 1615 1324 1677 est,

223 1703 258 1756 st
270 1701 365 1757 rosan
380 1697 463 1775 quod
478 1695 600 1776 scripsit
614 1695 779 1767 AEaohines,
794 1703 884 1772 atque
898 1701 1016 1756 entem
1027 1695 1114 1766 ¹tulit,
1129 1695 1159 1756 iu
1179 1713 1240 1756 uuo
1266 1699 1327 1759 huo

222 1789 380 1851 volumius
394 1789 629 1850 concluderetur.

260 1882 325 1942 llas
335 1883 484 1962 Epistolas
494 1882 606 1962 primus
615 1881 695 1962 typis
705 1881 766 1970 suis
777 1881 887 1942 Graece
899 1879 1059 1959 descripsit
1070 1879 1176 1959 Aldus,
1186 1881 1327 1959 venetiis,

221 1977 311 2037 Anno
319 1981 410 2038 1499.
426 1995 484 2036 una
494 1995 562 2036 csrrn
573 1976 729 2034 multorum
739 1973 865 2034 aliorum
880 1973 1053 2043 liberorum,
1065 1973 1327 2053 Philosophorum,

222 2067 489 2148 Sophistsnrnrqns
513 2068 667 2148 Epistolis.
719 2067 954 2127 Reoudebantur
975 2064 1085 2126 deinde
1108 2083 1325 2146 saepenumero,
1363 2107 1366 2112 -

221 2160 288 2222 scil.
300 2160 434 2232 Luranii,
450 2161 480 2221 in
495 2159 625 2221 Officins
639 2160 761 2240 liutgeri
782 2159 891 2231 llescii,
905 2159 1012 2219 deinde
1036 2158 1167 2236 Parisiis,
1182 2177 1235 2239 per
1257 2161 1327 2222 We-

221 2253 453 2336 chelunr,atqne
466 2251 537 2313 allbi
557 2252 743 2334 saepiuscule.
784 2253 900 2312 Primus
915 2270 966 2312 eas
986 2251 1106 2311 [stim
1126 2249 1200 2312 fecit
1220 2253 1327 2313 Petrus

219 2345 357 2407 Neronias
372 2345 591 2416 Alcnarianns‚
600 2354 669 2422 post
677 2363 745 2405 eona
760 2345 894 2405 Renatus
906 2345 1079 2406 Guillunius
1090 2344 1329 2407 vindocinensis.

126 2480 129 2489 ·
222 2437 358 2506 Quorum
371 2439 421 2499 hic
435 2438 550 2499 notulas
564 2438 708 2516 quasdam
721 2437 928 2516 adspergebst,
943 2455 1002 2497 non
1013 2435 1136 2516 quiden
1150 2437 1326 2511 ineruditas,

219 2548 319 2610 neque
331 2539 431 2592 umen
450 2531 520 2592 satis
540 2531 645 2611 dignas
668 2541 702 2590 ut
722 2531 808 2611 prelo
826 2531 929 2595 iterum
955 2549 1036 2590 sine
1061 2531 1326 2593 committerentur.

219 2625 332 2685 Lector
350 2618 428 2684 eninr
449 2643 531 2685 saeos
544 2626 613 2684 alsia
628 2625 717 2684 semel
738 2624 783 2696 iis,
799 2641 874 2703 ques
895 2625 1031 2703 excerpsi
1049 2623 1328 2700 (arthonensem,

220 2725 253 2777 et
263 2717 395 2778 melioris
407 2721 500 2792 uotae)
512 2735 571 2777 non
585 2735 665 2796 segre
678 2714 755 2775 ieret
768 2735 800 2776 se
815 2717 974 2777 cariturum
997 2716 1034 2775 iis
1054 2735 1130 2794 quas
1141 2715 1327 2794 pretermisi.

221 2809 298 2870 Sunt
318 2818 415 2870 umen
429 2817 574 2888 preterea
592 2817 624 2869 et
636 2808 704 2868 alioe
723 2808 987 2887 Interpretationes
1009 2819 1118 2888 proter
1131 2809 1328 2872 Wolhaasrn:

222 2901 275 2963 aed
290 2920 415 2982 quarum
430 2902 581 2982 plerusque
602 2901 675 2962 rnihi
694 2902 813 2962 nominc
827 2910 941 2964 tantsun
956 2905 1165 2975 innotuerunt;
1184 2905 1278 2966 velati
1290 2923 1328 2968 aa

221 3015 313 3074 qoam
340 2995 531 3056 concinnavit
555 2996 682 3055 loannes
706 2995 840 3055 Caselius
868 2996 1108 3065 Rostochieosis;
1140 2997 1209 3058 stis
1235 3017 1327 3077 porro

220 3087 383 3169 scriptoris
399 3089 531 3166 Locique
546 3086 672 3157 incerti:
693 3096 728 3148 ut
742 3087 877 3172 omittam
892 3102 956 3146 eam
971 3105 1061 3165 quarn
1072 3087 1216 3170 ¹hretinus
1230 3090 1326 3164 dedit,

221 3182 308 3241 unius
325 3179 513 3241 solummedo
525 3181 682 3260 Epistola,
704 3181 734 3239 in
756 3177 1002 3244 bibliothecarum
1023 3179 1156 3258 latebris,
1170 3191 1204 3242 ut
1223 3182 1326 3257 credo,

221 3273 458 3350 delitescentem,
479 3293 545 3346 nec,
565 3273 648 3351 qnod
671 3273 775 3343 scians,
799 3271 878 3351 typis
905 3273 1028 3351 publice
1050 3291 1228 3352 expressam.
1270 3275 1326 3336 llis

220 3365 329 3427 addan
343 3367 456 3427 xli*
470 3367 634 3446 Epistolasu
648 3366 809 3427 Latinitate
822 3364 963 3426 donatam
981 3365 1022 3426 ab
1035 3368 1203 3445 Anonymo,
1217 3379 1249 3428 et
1262 3367 1326 3429 vul-

220 3466 319 3539 gatam
332 3460 408 3520 Ven.
422 3461 462 3521 ah
481 3460 606 3521 llieron.
626 3461 729 3538 scoto,
748 3459 785 3518 A.
801 3463 892 3520 luth.
914 3477 973 3518 una
998 3477 1067 3520 eum
1088 3459 1234 3520 AEschinis
1248 3460 1326 3522 Ora*
1448 3473 1451 3476 '

221 3551 363 3624 tionibus,
384 3563 416 3614 et
429 3551 642 3613 Demosthenis
654 3551 843 3632 quibasdam.

260 3643 375 3705 Harum
387 3647 419 3706 in
432 3645 617 3706 Recensione
630 3643 754 3724 adjutos
767 3663 831 3704 sura
846 3643 926 3706 Cod.
941 3644 1044 3717 MSto,
1064 3645 1144 3706 hono
1158 3663 1240 3724 sune,
1254 3643 1326 3707 licet

221 3755 282 3798 uon
301 3737 462 3799 admodum
485 3745 612 3811 venero,
637 3756 726 3818 qoem
746 3736 922 3817 possidebat
942 3737 1011 3798 olim
1032 3737 1199 3799 Richardus
1221 3737 1325 3813 Mesd,

222 3842 409 3892 nuncautem
419 3833 532 3910 hoton.
547 3832 665 3905 Aslsew,
675 3831 795 3892 M.DD.
810 3840 937 3910 uterque
953 3831 1103 3892 literarum
1118 3832 1205 3893 laude
1219 3831 1326 3894 nohili-

221 3931 310 3984 tstns.
362 3923 435 4001 Ejus
463 3925 665 4004 prestantiarn
689 3925 909 4003 utilitatemque
936 3925 1094 4005 aliquoties
1120 3925 1326 4006 deprehendet

221 4017 331 4078 lectos
344 4017 374 4077 in
390 4017 480 4078 Notis
494 4035 563 4097 quas
577 4026 749 4096 sequuntur.

262 4112 365 4172 Lectae
383 4123 455 4173 sunt
473 4112 618 4192 Epistola
637 4111 788 4175 AEschinis
809 4115 959 4190 aPhotio,
975 4118 1028 4194 qui
1043 4113 1073 4174 in
1088 4111 1261 4176 Cod.LX1.
1275 4133 1325 4172 eas
1444 4121 1446 4128 ’

221 4204 428 4265 honestissimo
443 4204 502 4265 lade
520 4205 675 4285 ptoecoulo
694 4207 828 4279 oronim
850 4209 937 4288 Τρεῖς
950 4212 1054 4289 μόνους
1071 4211 1158 4266 atros
1171 4207 1241 4287 φασὶ
1254 4227 1325 4280 yvo·

222 4301 300 4366 sinac
313 4295 387 4357 sirus
403 4297 553 4380 [Λόγους]
568 4302 614 4358 καὶ
623 4297 662 4360 Θ.
677 4299 851 4370 Επιπολᾶς.
894 4303 945 4363 Διὸ
962 4304 1028 4370 roric
1042 4301 1094 4382 μὲν
1108 4299 1225 4380 Λόγους
1239 4299 1324 4356 αὐτοῦ

218 4389 293 4458 τινὲς
306 4388 489 4454 ΧΑΡῙΤΑΣ
501 4395 655 4474 ὀνόμαζον,
666 4392 713 4456 dui
723 4418 753 4458 re
762 4396 794 4458 τὸ
805 4397 904 4478 χάριεν
915 4403 962 4458 roi
977 4397 1078 4471 λόγου,
1090 4395 1135 4454 rnl
1146 4392 1195 4453 τὸν
1205 4387 1324 4469 ἀριθμὸν
