<?xml version="1.0" encoding="UTF-8"?>
<!DOCTYPE html PUBLIC "-//W3C//DTD XHTML 1.0 Transitional//EN"
    "http://www.w3.org/TR/xhtml1/DTD/xhtml1-transitional.dtd">
<html xmlns="http://www.w3.org/1999/xhtml" xml:lang="en" lang="en">
 <head>
  <title>
</title>
<meta http-equiv="Content-Type" content="text/html;charset=utf-8" />
  <meta name='ocr-system' content='tesseract 3.04.00' />
  <meta name='ocr-capabilities' content='ocr_page ocr_carea ocr_par ocr_line ocrx_word'/>
</head>
<body>
  <div class='ocr_page' id='page_1' title='image "./demosthenisetsc00unkngoog_0071.png"; bbox 0 0 3050 4909; ppageno 0'>
   <div class='ocr_carea' id='block_1_1' title="bbox 312 302 1275 417">
    <p class='ocr_par' dir='ltr' id='par_1_1' title="bbox 312 302 1275 417">
     <span class='ocr_line' id='line_1_1' title="bbox 312 302 1275 417; baseline 0.002 -6"><span class='ocrx_word' id='word_1_1' title='bbox 312 302 317 323; x_wconf 78' lang='grc'>’</span> <span class='ocrx_word' id='word_1_2' title='bbox 355 346 421 413; x_wconf 79' lang='lat' dir='ltr'><strong>nn</strong></span> <span class='ocrx_word' id='word_1_3' title='bbox 444 346 517 415; x_wconf 83' lang='lat' dir='ltr'><strong>ou.</strong></span> <span class='ocrx_word' id='word_1_4' title='bbox 539 348 724 416; x_wconf 76' lang='lat' dir='ltr'><strong>consur</strong></span> <span class='ocrx_word' id='word_1_5' title='bbox 747 349 1046 417; x_wconf 71' lang='lat' dir='ltr'><strong>emisenum.</strong></span> <span class='ocrx_word' id='word_1_6' title='bbox 1248 333 1275 413; x_wconf 83' lang='lat'><em>5</em></span> 
     </span>
    </p>
   </div>
   <div class='ocr_carea' id='block_1_2' title="bbox 171 504 1276 1189">
    <p class='ocr_par' dir='ltr' id='par_1_2' title="bbox 171 504 1276 912">
     <span class='ocr_line' id='line_1_2' title="bbox 175 504 1276 583; baseline -0.002 -16"><span class='ocrx_word' id='word_1_7' title='bbox 175 504 282 567; x_wconf 76' lang='lat' dir='ltr'><strong>Verum</strong></span> <span class='ocrx_word' id='word_1_8' title='bbox 294 511 419 581; x_wconf 72' lang='lat' dir='ltr'><strong>ignorata</strong></span> <span class='ocrx_word' id='word_1_9' title='bbox 430 512 539 583; x_wconf 87' lang='lat' dir='ltr'><strong>penitus</strong></span> <span class='ocrx_word' id='word_1_10' title='bbox 551 512 629 567; x_wconf 88' lang='lat' dir='ltr'><strong>metri</strong></span> <span class='ocrx_word' id='word_1_11' title='bbox 646 514 749 568; x_wconf 87' lang='lat' dir='ltr'><strong>ratione</strong></span> <span class='ocrx_word' id='word_1_12' title='bbox 765 512 823 567; x_wconf 90' lang='lat' dir='ltr'><strong>lieri</strong></span> <span class='ocrx_word' id='word_1_13' title='bbox 835 528 890 566; x_wconf 93' lang='lat' dir='ltr'><strong>nou</strong></span> <span class='ocrx_word' id='word_1_14' title='bbox 900 511 1000 582; x_wconf 88' lang='lat' dir='ltr'><strong>potnit,</strong></span> <span class='ocrx_word' id='word_1_15' title='bbox 1015 511 1082 581; x_wconf 88' lang='lat' dir='ltr'><strong>quin</strong></span> <span class='ocrx_word' id='word_1_16' title='bbox 1091 509 1232 580; x_wconf 84' lang='lat' dir='ltr'><strong>imperitus</strong></span> <span class='ocrx_word' id='word_1_17' title='bbox 1244 513 1276 567; x_wconf 92' lang='lat' dir='ltr'><strong>ti·</strong></span> 
     </span>
     <span class='ocr_line' id='line_1_3' title="bbox 174 592 1275 669; baseline 0.001 -20"><span class='ocrx_word' id='word_1_18' title='bbox 174 596 284 649; x_wconf 85' lang='lat' dir='ltr'><strong>hrarins</strong></span> <span class='ocrx_word' id='word_1_19' title='bbox 291 595 380 650; x_wconf 86' lang='lat' dir='ltr'><strong>multa</strong></span> <span class='ocrx_word' id='word_1_20' title='bbox 391 596 576 661; x_wconf 87' lang='lat' dir='ltr'><strong>conturbaret,</strong></span> <span class='ocrx_word' id='word_1_21' title='bbox 587 612 652 651; x_wconf 90' lang='lat' dir='ltr'><strong>cum</strong></span> <span class='ocrx_word' id='word_1_22' title='bbox 663 595 819 665; x_wconf 77' lang='lat' dir='ltr'><strong>rhythmum</strong></span> <span class='ocrx_word' id='word_1_23' title='bbox 829 613 913 667; x_wconf 86' lang='lat' dir='ltr'><strong>quem</strong></span> <span class='ocrx_word' id='word_1_24' title='bbox 924 596 1039 651; x_wconf 85' lang='lat' dir='ltr'><strong>violaret</strong></span> <span class='ocrx_word' id='word_1_25' title='bbox 1051 596 1098 649; x_wconf 83' lang='lat' dir='ltr'><strong>rix</strong></span> <span class='ocrx_word' id='word_1_26' title='bbox 1108 611 1138 648; x_wconf 87' lang='lat' dir='ltr'><strong>se</strong></span> <span class='ocrx_word' id='word_1_27' title='bbox 1147 592 1275 669; x_wconf 81' lang='lat' dir='ltr'><strong>hahuisse</strong></span> 
     </span>
     <span class='ocr_line' id='line_1_4' title="bbox 172 673 1276 748; baseline 0.002 -17"><span class='ocrx_word' id='word_1_28' title='bbox 172 679 365 747; x_wconf 87' lang='lat' dir='ltr'><strong>suspicaretur.</strong></span> <span class='ocrx_word' id='word_1_29' title='bbox 403 678 478 732; x_wconf 83' lang='lat' dir='ltr'><strong>Ecce</strong></span> <span class='ocrx_word' id='word_1_30' title='bbox 488 694 570 748; x_wconf 84' lang='lat' dir='ltr'><strong>quam</strong></span> <span class='ocrx_word' id='word_1_31' title='bbox 582 679 637 732; x_wconf 85' lang='lat' dir='ltr'><strong>levi</strong></span> <span class='ocrx_word' id='word_1_32' title='bbox 649 680 758 747; x_wconf 78' lang='lat' dir='ltr'><strong>negotio</strong></span> <span class='ocrx_word' id='word_1_33' title='bbox 770 683 826 733; x_wconf 87' lang='lat' dir='ltr'><strong>tres</strong></span> <span class='ocrx_word' id='word_1_34' title='bbox 837 680 948 733; x_wconf 87' lang='lat' dir='ltr'><strong>ultimos</strong></span> <span class='ocrx_word' id='word_1_35' title='bbox 963 678 1112 732; x_wconf 81' lang='lat' dir='ltr'><strong>versiculos</strong></span> <span class='ocrx_word' id='word_1_36' title='bbox 1121 678 1163 747; x_wconf 87' lang='lat' dir='ltr'><strong>(et</strong></span> <span class='ocrx_word' id='word_1_37' title='bbox 1172 673 1203 731; x_wconf 88' lang='lat' dir='ltr'><strong>in</strong></span> <span class='ocrx_word' id='word_1_38' title='bbox 1213 678 1276 733; x_wconf 88' lang='lat' dir='ltr'><strong>reli·</strong></span> 
     </span>
     <span class='ocr_line' id='line_1_5' title="bbox 171 760 1276 832; baseline 0.004 -18"><span class='ocrx_word' id='word_1_39' title='bbox 171 762 237 831; x_wconf 84' lang='lat' dir='ltr'><strong>quis</strong></span> <span class='ocrx_word' id='word_1_40' title='bbox 251 761 349 816; x_wconf 70' lang='lat' dir='ltr'><strong>mrtem</strong></span> <span class='ocrx_word' id='word_1_41' title='bbox 365 760 418 815; x_wconf 88' lang='lat' dir='ltr'><strong>erit</strong></span> <span class='ocrx_word' id='word_1_42' title='bbox 427 760 519 830; x_wconf 83' lang='lat' dir='ltr'><strong>senia)</strong></span> <span class='ocrx_word' id='word_1_43' title='bbox 530 762 588 817; x_wconf 87' lang='lat' dir='ltr'><strong>sota</strong></span> <span class='ocrx_word' id='word_1_44' title='bbox 598 760 795 817; x_wconf 78' lang='lat' dir='ltr'><strong>vocabulorum</strong></span> <span class='ocrx_word' id='word_1_45' title='bbox 805 762 1014 832; x_wconf 69' lang='lat' dir='ltr'><strong>transpositione</strong></span> <span class='ocrx_word' id='word_1_46' title='bbox 1026 762 1056 816; x_wconf 90' lang='lat' dir='ltr'><strong>in</strong></span> <span class='ocrx_word' id='word_1_47' title='bbox 1073 762 1196 818; x_wconf 89' lang='lat' dir='ltr'><strong>ordinem</strong></span> <span class='ocrx_word' id='word_1_48' title='bbox 1212 762 1276 818; x_wconf 87' lang='lat' dir='ltr'><strong>red·</strong></span> 
     </span>
     <span class='ocr_line' id='line_1_6' title="bbox 172 858 265 912; baseline 0.022 -15"><span class='ocrx_word' id='word_1_49' title='bbox 172 858 265 912; x_wconf 64' lang='lat' dir='ltr'><strong>assur:</strong></span> 
     </span>
    </p>

    <p class='ocr_par' dir='ltr' id='par_1_3' title="bbox 244 950 1141 1025">
     <span class='ocr_line' id='line_1_7' title="bbox 244 950 1141 1025; baseline -0.002 -16"><span class='ocrx_word' id='word_1_50' title='bbox 244 953 404 1009; x_wconf 70' lang='lat' dir='ltr'><strong>thensau</strong></span> <span class='ocrx_word' id='word_1_51' title='bbox 417 960 529 1009; x_wconf 66' lang='lat' dir='ltr'><strong>nrum</strong></span> <span class='ocrx_word' id='word_1_52' title='bbox 540 956 671 1025; x_wconf 77' lang='grc' dir='ltr'><strong>Τίμαρχον</strong></span> <span class='ocrx_word' id='word_1_53' title='bbox 685 950 690 1024; x_wconf 91' lang='grc' dir='ltr'>Ι</span> <span class='ocrx_word' id='word_1_54' title='bbox 707 952 985 1009; x_wconf 75' lang='grc' dir='ltr'><strong>ΠΕΠΟῬΝΕΥΚΟΤΑ</strong></span> <span class='ocrx_word' id='word_1_55' title='bbox 997 952 1141 1019; x_wconf 74' lang='grc' dir='ltr'><strong>ΔΕΙἘΔΣ,</strong></span> 
     </span>
    </p>

    <p class='ocr_par' dir='ltr' id='par_1_4' title="bbox 243 1034 1013 1107">
     <span class='ocr_line' id='line_1_8' title="bbox 243 1034 1013 1107; baseline -0.003 -18"><span class='ocrx_word' id='word_1_56' title='bbox 243 1042 281 1098; x_wconf 75' lang='grc' dir='ltr'><strong>Ως</strong></span> <span class='ocrx_word' id='word_1_57' title='bbox 292 1039 442 1106; x_wconf 65' lang='lat' dir='ltr'><strong>utqolaoo</strong></span> <span class='ocrx_word' id='word_1_58' title='bbox 452 1040 528 1107; x_wconf 80' lang='grc' dir='ltr'>φίλον</span> <span class='ocrx_word' id='word_1_59' title='bbox 538 1056 586 1105; x_wconf 83' lang='grc' dir='ltr'><strong>μεν</strong></span> <span class='ocrx_word' id='word_1_60' title='bbox 617 1034 622 1105; x_wconf 89' lang='grc' dir='ltr'>Ι</span> <span class='ocrx_word' id='word_1_61' title='bbox 637 1043 697 1089; x_wconf 76' lang='grc' dir='ltr'><strong>ΤΟΥ</strong></span> <span class='ocrx_word' id='word_1_62' title='bbox 715 1036 892 1089; x_wconf 76' lang='lat' dir='ltr'><strong>ot&#39;nomtor</strong></span> <span class='ocrx_word' id='word_1_63' title='bbox 906 1035 1013 1099; x_wconf 77' lang='grc' dir='ltr'><strong>θ’ΝΤΔ,</strong></span> 
     </span>
    </p>

    <p class='ocr_par' dir='ltr' id='par_1_5' title="bbox 244 1116 1002 1189">
     <span class='ocr_line' id='line_1_9' title="bbox 244 1116 1002 1189; baseline -0.004 -16"><span class='ocrx_word' id='word_1_64' title='bbox 244 1126 296 1173; x_wconf 70' lang='grc' dir='ltr'><strong>κω</strong></span> <span class='ocrx_word' id='word_1_65' title='bbox 306 1122 381 1189; x_wconf 67' lang='lat' dir='ltr'><strong>puro</strong></span> <span class='ocrx_word' id='word_1_66' title='bbox 391 1122 552 1175; x_wconf 60' lang='lat' dir='ltr'><strong>usmetun</strong></span> <span class='ocrx_word' id='word_1_67' title='bbox 564 1120 589 1173; x_wconf 76' lang='lat' dir='ltr'><strong>n</strong></span> <span class='ocrx_word' id='word_1_68' title='bbox 616 1116 622 1188; x_wconf 79' lang='lat' dir='ltr'><strong>t</strong></span> <span class='ocrx_word' id='word_1_69' title='bbox 637 1127 697 1173; x_wconf 77' lang='lat' dir='ltr'><strong>‘ros</strong></span> <span class='ocrx_word' id='word_1_70' title='bbox 711 1119 861 1173; x_wconf 58' lang='lat' dir='ltr'><strong>cornera</strong></span> <span class='ocrx_word' id='word_1_71' title='bbox 873 1118 1002 1173; x_wconf 67' lang='lat' dir='ltr'><strong>rreum.</strong></span> 
     </span>
    </p>
   </div>
   <div class='ocr_carea' id='block_1_3' title="bbox 98 1224 1275 1959">
    <p class='ocr_par' dir='ltr' id='par_1_6' title="bbox 98 1224 1275 1959">
     <span class='ocr_line' id='line_1_10' title="bbox 207 1224 1272 1295; baseline -0.003 -16"><span class='ocrx_word' id='word_1_72' title='bbox 207 1226 274 1291; x_wconf 80' lang='lat' dir='ltr'><strong>Quo</strong></span> <span class='ocrx_word' id='word_1_73' title='bbox 285 1242 358 1279; x_wconf 88' lang='lat' dir='ltr'><strong>anno</strong></span> <span class='ocrx_word' id='word_1_74' title='bbox 367 1232 431 1281; x_wconf 87' lang='lat' dir='ltr'><strong>acta</strong></span> <span class='ocrx_word' id='word_1_75' title='bbox 438 1226 520 1280; x_wconf 86' lang='lat' dir='ltr'><strong>suerit</strong></span> <span class='ocrx_word' id='word_1_76' title='bbox 527 1226 586 1279; x_wconf 82' lang='lat' dir='ltr'><strong>haec</strong></span> <span class='ocrx_word' id='word_1_77' title='bbox 595 1242 678 1279; x_wconf 83' lang='lat' dir='ltr'><strong>censa</strong></span> <span class='ocrx_word' id='word_1_78' title='bbox 687 1231 785 1279; x_wconf 90' lang='lat' dir='ltr'><strong>contra</strong></span> <span class='ocrx_word' id='word_1_79' title='bbox 793 1225 968 1279; x_wconf 74' lang='lat' dir='ltr'>Timarchum</span> <span class='ocrx_word' id='word_1_80' title='bbox 977 1224 1075 1277; x_wconf 75' lang='lat' dir='ltr'><strong>nullibi</strong></span> <span class='ocrx_word' id='word_1_81' title='bbox 1084 1224 1184 1277; x_wconf 89' lang='lat' dir='ltr'><strong>diserte</strong></span> <span class='ocrx_word' id='word_1_82' title='bbox 1190 1227 1272 1295; x_wconf 88' lang='lat' dir='ltr'><strong>prod-</strong></span> 
     </span>
     <span class='ocr_line' id='line_1_11' title="bbox 172 1304 1275 1379; baseline -0.001 -18"><span class='ocrx_word' id='word_1_83' title='bbox 172 1310 238 1363; x_wconf 83' lang='lat' dir='ltr'><strong>itur.</strong></span> <span class='ocrx_word' id='word_1_84' title='bbox 272 1308 355 1363; x_wconf 87' lang='lat' dir='ltr'><strong>Certe</strong></span> <span class='ocrx_word' id='word_1_85' title='bbox 366 1314 429 1379; x_wconf 86' lang='lat' dir='ltr'><strong>post</strong></span> <span class='ocrx_word' id='word_1_86' title='bbox 440 1309 551 1377; x_wconf 72' lang='lat' dir='ltr'><strong>Olymp.</strong></span> <span class='ocrx_word' id='word_1_87' title='bbox 564 1306 674 1363; x_wconf 86' lang='lat' dir='ltr'><strong>cv111.</strong></span> <span class='ocrx_word' id='word_1_88' title='bbox 687 1312 712 1361; x_wconf 77' lang='lat'><strong>2.</strong></span> <span class='ocrx_word' id='word_1_89' title='bbox 726 1324 781 1377; x_wconf 87' lang='lat' dir='ltr'><strong>quo</strong></span> <span class='ocrx_word' id='word_1_90' title='bbox 793 1312 914 1378; x_wconf 87' lang='lat' dir='ltr'><strong>tempore</strong></span> <span class='ocrx_word' id='word_1_91' title='bbox 925 1306 1110 1360; x_wconf 69' lang='lat' dir='ltr'><strong>Athenienses</strong></span> <span class='ocrx_word' id='word_1_92' title='bbox 1121 1304 1225 1374; x_wconf 78' lang='lat' dir='ltr'><strong>legatos</strong></span> <span class='ocrx_word' id='word_1_93' title='bbox 1235 1308 1275 1361; x_wconf 89' lang='lat' dir='ltr'><strong>ad</strong></span> 
     </span>
     <span class='ocr_line' id='line_1_12' title="bbox 98 1388 1271 1461; baseline -0.003 -16"><span class='ocrx_word' id='word_1_94' title='bbox 98 1444 102 1455; x_wconf 79' lang='grc'><em>,</em></span> <span class='ocrx_word' id='word_1_95' title='bbox 171 1392 330 1461; x_wconf 86' lang='lat' dir='ltr'><strong>Philippum</strong></span> <span class='ocrx_word' id='word_1_96' title='bbox 351 1393 443 1447; x_wconf 91' lang='lat' dir='ltr'><strong>denuo</strong></span> <span class='ocrx_word' id='word_1_97' title='bbox 461 1392 595 1445; x_wconf 85' lang='lat' dir='ltr'><strong>miserunt</strong></span> <span class='ocrx_word' id='word_1_98' title='bbox 613 1391 688 1459; x_wconf 82' lang='lat' dir='ltr'><strong>pacis</strong></span> <span class='ocrx_word' id='word_1_99' title='bbox 705 1390 899 1443; x_wconf 80' lang='lat' dir='ltr'><strong>confirmandas</strong></span> <span class='ocrx_word' id='word_1_100' title='bbox 916 1389 1013 1457; x_wconf 72' lang='lat' dir='ltr'><strong>gratia,</strong></span> <span class='ocrx_word' id='word_1_101' title='bbox 1030 1391 1060 1441; x_wconf 88' lang='lat' dir='ltr'><strong>et</strong></span> <span class='ocrx_word' id='word_1_102' title='bbox 1078 1392 1142 1441; x_wconf 86' lang='lat' dir='ltr'><strong>ante</strong></span> <span class='ocrx_word' id='word_1_103' title='bbox 1159 1388 1271 1458; x_wconf 80' lang='lat' dir='ltr'><strong>Olymp.</strong></span> 
     </span>
     <span class='ocr_line' id='line_1_13' title="bbox 172 1470 1272 1543; baseline -0.003 -17"><span class='ocrx_word' id='word_1_104' title='bbox 172 1472 256 1527; x_wconf 85' lang='lat' dir='ltr'><strong>clx.</strong></span> <span class='ocrx_word' id='word_1_105' title='bbox 267 1478 295 1526; x_wconf 75' lang='lat'><strong>2.</strong></span> <span class='ocrx_word' id='word_1_106' title='bbox 307 1490 364 1543; x_wconf 89' lang='lat' dir='ltr'><strong>quo</strong></span> <span class='ocrx_word' id='word_1_107' title='bbox 376 1474 578 1528; x_wconf 80' lang='lat' dir='ltr'><strong>Demosthenes</strong></span> <span class='ocrx_word' id='word_1_108' title='bbox 589 1474 777 1528; x_wconf 72' lang='lat' dir='ltr'><strong>advcnuium</strong></span> <span class='ocrx_word' id='word_1_109' title='bbox 789 1474 860 1525; x_wconf 89' lang='lat' dir='ltr'><strong>male</strong></span> <span class='ocrx_word' id='word_1_110' title='bbox 871 1472 954 1524; x_wconf 85' lang='lat' dir='ltr'><strong>obitas</strong></span> <span class='ocrx_word' id='word_1_111' title='bbox 965 1472 1044 1525; x_wconf 75' lang='lat' dir='ltr'><strong>istim</strong></span> <span class='ocrx_word' id='word_1_112' title='bbox 1055 1470 1198 1538; x_wconf 73' lang='lat' dir='ltr'><strong>legationis</strong></span> <span class='ocrx_word' id='word_1_113' title='bbox 1207 1472 1272 1524; x_wconf 91' lang='lat' dir='ltr'><strong>insi·</strong></span> 
     </span>
     <span class='ocr_line' id='line_1_14' title="bbox 171 1553 1272 1625; baseline -0.002 -16"><span class='ocrx_word' id='word_1_114' title='bbox 171 1557 297 1625; x_wconf 75' lang='lat' dir='ltr'><strong>mutavit,</strong></span> <span class='ocrx_word' id='word_1_115' title='bbox 309 1556 355 1611; x_wconf 90' lang='lat' dir='ltr'><strong>cui</strong></span> <span class='ocrx_word' id='word_1_116' title='bbox 366 1557 566 1625; x_wconf 81' lang='lat' dir='ltr'><strong>subscripturus</strong></span> <span class='ocrx_word' id='word_1_117' title='bbox 578 1560 636 1609; x_wconf 85' lang='lat' dir='ltr'><strong>erat</strong></span> <span class='ocrx_word' id='word_1_118' title='bbox 646 1556 690 1610; x_wconf 92' lang='lat' dir='ltr'><strong>hio</strong></span> <span class='ocrx_word' id='word_1_119' title='bbox 703 1556 747 1609; x_wconf 91' lang='lat' dir='ltr'><strong>ille</strong></span> <span class='ocrx_word' id='word_1_120' title='bbox 756 1554 927 1618; x_wconf 73' lang='lat' dir='ltr'><strong>Timarchus,</strong></span> <span class='ocrx_word' id='word_1_121' title='bbox 935 1554 964 1608; x_wconf 90' lang='lat' dir='ltr'><strong>ni</strong></span> <span class='ocrx_word' id='word_1_122' title='bbox 975 1570 1009 1607; x_wconf 91' lang='lat' dir='ltr'><strong>ea</strong></span> <span class='ocrx_word' id='word_1_123' title='bbox 1020 1569 1084 1624; x_wconf 83' lang='lat' dir='ltr'><strong>quae</strong></span> <span class='ocrx_word' id='word_1_124' title='bbox 1094 1553 1141 1606; x_wconf 92' lang='lat' dir='ltr'><strong>hic</strong></span> <span class='ocrx_word' id='word_1_125' title='bbox 1152 1553 1272 1621; x_wconf 72' lang='lat' dir='ltr'><strong>agitatur</strong></span> 
     </span>
     <span class='ocr_line' id='line_1_15' title="bbox 169 1634 1271 1706; baseline -0.005 -13"><span class='ocrx_word' id='word_1_126' title='bbox 169 1638 361 1693; x_wconf 86' lang='lat' dir='ltr'><strong>criminatione</strong></span> <span class='ocrx_word' id='word_1_127' title='bbox 380 1639 476 1693; x_wconf 83' lang='lat' dir='ltr'><strong>suisset</strong></span> <span class='ocrx_word' id='word_1_128' title='bbox 496 1640 531 1693; x_wconf 89' lang='lat' dir='ltr'><strong>ab</strong></span> <span class='ocrx_word' id='word_1_129' title='bbox 549 1638 680 1693; x_wconf 85' lang='lat' dir='ltr'><strong>AEsehine</strong></span> <span class='ocrx_word' id='word_1_130' title='bbox 698 1636 877 1705; x_wconf 85' lang='lat' dir='ltr'><strong>interceptus.</strong></span> <span class='ocrx_word' id='word_1_131' title='bbox 913 1636 947 1690; x_wconf 92' lang='lat' dir='ltr'><strong>ld</strong></span> <span class='ocrx_word' id='word_1_132' title='bbox 966 1636 1039 1706; x_wconf 89' lang='lat' dir='ltr'><strong>quod</strong></span> <span class='ocrx_word' id='word_1_133' title='bbox 1059 1636 1151 1689; x_wconf 86' lang='lat' dir='ltr'><strong>innuit</strong></span> <span class='ocrx_word' id='word_1_134' title='bbox 1168 1634 1271 1689; x_wconf 89' lang='lat' dir='ltr'><strong>Demo-</strong></span> 
     </span>
     <span class='ocr_line' id='line_1_16' title="bbox 169 1717 1271 1794; baseline -0.002 -17"><span class='ocrx_word' id='word_1_135' title='bbox 169 1723 283 1777; x_wconf 68' lang='lat' dir='ltr'><strong>atheim</strong></span> <span class='ocrx_word' id='word_1_136' title='bbox 296 1744 324 1776; x_wconf 78' lang='grc' dir='ltr'><strong>τ.</strong></span> <span class='ocrx_word' id='word_1_137' title='bbox 335 1725 500 1794; x_wconf 82' lang='grc' dir='ltr'><strong>ποροπρεοβ.</strong></span> <span class='ocrx_word' id='word_1_138' title='bbox 517 1738 571 1777; x_wconf 84' lang='lat' dir='ltr'><strong>non</strong></span> <span class='ocrx_word' id='word_1_139' title='bbox 584 1722 664 1790; x_wconf 74' lang='lat' dir='ltr'><strong>longe</strong></span> <span class='ocrx_word' id='word_1_140' title='bbox 676 1723 711 1775; x_wconf 86' lang='lat' dir='ltr'><strong>ab</strong></span> <span class='ocrx_word' id='word_1_141' title='bbox 723 1720 803 1775; x_wconf 84' lang='lat' dir='ltr'><strong>initio</strong></span> <span class='ocrx_word' id='word_1_142' title='bbox 817 1717 858 1792; x_wconf 83' lang='lat'><strong>[5</strong></span> <span class='ocrx_word' id='word_1_143' title='bbox 868 1722 896 1787; x_wconf 85' lang='grc' dir='ltr'><strong>β’</strong></span> <span class='ocrx_word' id='word_1_144' title='bbox 898 1717 931 1792; x_wconf 83' lang='lat'><strong>.]:</strong></span> <span class='ocrx_word' id='word_1_145' title='bbox 950 1724 1016 1790; x_wconf 79' lang='grc' dir='ltr'><strong>Πρὶν</strong></span> <span class='ocrx_word' id='word_1_146' title='bbox 1031 1724 1082 1789; x_wconf 74' lang='grc' dir='ltr'><strong>γὰρ</strong></span> <span class='ocrx_word' id='word_1_147' title='bbox 1099 1723 1220 1774; x_wconf 79' lang='grc' dir='ltr'><strong><em>εἰσελθεῖν</em></strong></span> <span class='ocrx_word' id='word_1_148' title='bbox 1235 1724 1271 1784; x_wconf 73' lang='lat' dir='ltr'><strong>etc</strong></span> 
     </span>
     <span class='ocr_line' id='line_1_17' title="bbox 170 1802 1271 1877; baseline -0.002 -18"><span class='ocrx_word' id='word_1_149' title='bbox 170 1808 238 1875; x_wconf 73' lang='grc' dir='ltr'><strong>ὑμᾶς</strong></span> <span class='ocrx_word' id='word_1_150' title='bbox 256 1802 452 1875; x_wconf 78' lang='lat' dir='ltr'><strong>[AEschiuem],</strong></span> <span class='ocrx_word' id='word_1_151' title='bbox 471 1809 513 1859; x_wconf 80' lang='lat' dir='ltr'><strong>rut</strong></span> <span class='ocrx_word' id='word_1_152' title='bbox 532 1806 614 1873; x_wconf 83' lang='grc' dir='ltr'>λόγον</span> <span class='ocrx_word' id='word_1_153' title='bbox 634 1807 791 1877; x_wconf 72' lang='grc' dir='ltr'>ροῦναιτῶν</span> <span class='ocrx_word' id='word_1_154' title='bbox 813 1804 1009 1873; x_wconf 58' lang='lat' dir='ltr'><strong>werpe-spiens,</strong></span> <span class='ocrx_word' id='word_1_155' title='bbox 1031 1807 1092 1856; x_wconf 80' lang='grc' dir='ltr'><strong>τὸν</strong></span> <span class='ocrx_word' id='word_1_156' title='bbox 1109 1808 1171 1873; x_wconf 73' lang='grc' dir='ltr'><strong>μὲν</strong></span> <span class='ocrx_word' id='word_1_157' title='bbox 1188 1805 1271 1872; x_wconf 69' lang='grc' dir='ltr'><strong>ἀνρ-</strong></span> 
     </span>
     <span class='ocr_line' id='line_1_18' title="bbox 170 1881 1268 1959; baseline -0.003 -18"><span class='ocrx_word' id='word_1_158' title='bbox 170 1910 248 1959; x_wconf 71' lang='grc' dir='ltr'><strong>ρηκε</strong></span> <span class='ocrx_word' id='word_1_159' title='bbox 268 1891 375 1942; x_wconf 73' lang='lat' dir='ltr'><strong>saisiri</strong></span> <span class='ocrx_word' id='word_1_160' title='bbox 387 1881 552 1951; x_wconf 75' lang='grc' dir='ltr'>τὰςεῦθύνος</span> <span class='ocrx_word' id='word_1_161' title='bbox 569 1890 706 1953; x_wconf 69' lang='grc' dir='ltr'>ἐλθόντων,</span> <span class='ocrx_word' id='word_1_162' title='bbox 724 1889 753 1940; x_wconf 80' lang='lat' dir='ltr'><strong>ci</strong></span> <span class='ocrx_word' id='word_1_163' title='bbox 768 1900 831 1955; x_wconf 76' lang='lat' dir='ltr'><strong>quie</strong></span> <span class='ocrx_word' id='word_1_164' title='bbox 847 1890 1007 1955; x_wconf 80' lang='lat' dir='ltr'><strong>sequuntur.</strong></span> <span class='ocrx_word' id='word_1_165' title='bbox 1043 1884 1135 1951; x_wconf 79' lang='lat' dir='ltr'><strong>Adde,</strong></span> <span class='ocrx_word' id='word_1_166' title='bbox 1148 1885 1171 1938; x_wconf 82' lang='lat' dir='ltr'><strong>sl</strong></span> <span class='ocrx_word' id='word_1_167' title='bbox 1184 1886 1268 1955; x_wconf 75' lang='lat' dir='ltr'><strong>lubet,</strong></span> 
     </span>
    </p>
   </div>
   <div class='ocr_carea' id='block_1_4' title="bbox 171 1966 1378 2040">
    <p class='ocr_par' dir='ltr' id='par_1_7' title="bbox 171 1966 1378 2040">
     <span class='ocr_line' id='line_1_19' title="bbox 171 1966 1378 2040; baseline -0.006 -13"><span class='ocrx_word' id='word_1_168' title='bbox 171 1970 322 2040; x_wconf 73' lang='lat' dir='ltr'><strong>Ulpianum</strong></span> <span class='ocrx_word' id='word_1_169' title='bbox 343 1972 379 2025; x_wconf 88' lang='lat' dir='ltr'><strong>ad</strong></span> <span class='ocrx_word' id='word_1_170' title='bbox 395 1974 497 2025; x_wconf 85' lang='lat' dir='ltr'><strong>locum.</strong></span> <span class='ocrx_word' id='word_1_171' title='bbox 515 1971 628 2026; x_wconf 79' lang='lat' dir='ltr'><strong>Annum</strong></span> <span class='ocrx_word' id='word_1_172' title='bbox 644 1970 696 2024; x_wconf 92' lang='lat' dir='ltr'><strong>hoc</strong></span> <span class='ocrx_word' id='word_1_173' title='bbox 715 1973 838 2040; x_wconf 86' lang='lat' dir='ltr'><strong>temporo</strong></span> <span class='ocrx_word' id='word_1_174' title='bbox 855 1968 955 2038; x_wconf 78' lang='lat' dir='ltr'><strong>agebat</strong></span> <span class='ocrx_word' id='word_1_175' title='bbox 969 1966 1114 2023; x_wconf 72' lang='lat' dir='ltr'><strong>dinchiues</strong></span> <span class='ocrx_word' id='word_1_176' title='bbox 1128 1970 1212 2023; x_wconf 61' lang='lat' dir='ltr'><strong>thim.</strong></span> <span class='ocrx_word' id='word_1_177' title='bbox 1228 1969 1270 2022; x_wconf 91' lang='lat' dir='ltr'><strong>uti</strong></span> <span class='ocrx_word' id='word_1_178' title='bbox 1375 1967 1378 1974; x_wconf 86' lang='lat'>&#39;</span> 
     </span>
    </p>
   </div>
   <div class='ocr_carea' id='block_1_5' title="bbox 101 2054 1270 3439">
    <p class='ocr_par' dir='ltr' id='par_1_8' title="bbox 169 2054 449 2125">
     <span class='ocr_line' id='line_1_20' title="bbox 169 2054 449 2125; baseline -0.004 -17"><span class='ocrx_word' id='word_1_179' title='bbox 169 2069 207 2108; x_wconf 80' lang='lat' dir='ltr'><strong>ex</strong></span> <span class='ocrx_word' id='word_1_180' title='bbox 219 2054 341 2107; x_wconf 87' lang='lat' dir='ltr'><strong>oratione</strong></span> <span class='ocrx_word' id='word_1_181' title='bbox 353 2054 449 2125; x_wconf 87' lang='lat' dir='ltr'><strong>liquet.</strong></span> 
     </span>
    </p>

    <p class='ocr_par' dir='ltr' id='par_1_9' title="bbox 166 2128 1270 3027">
     <span class='ocr_line' id='line_1_21' title="bbox 205 2128 1269 2207; baseline -0.001 -16"><span class='ocrx_word' id='word_1_182' title='bbox 205 2138 277 2191; x_wconf 86' lang='lat' dir='ltr'><strong>Sunt</strong></span> <span class='ocrx_word' id='word_1_183' title='bbox 288 2138 337 2207; x_wconf 88' lang='lat' dir='ltr'><strong>qui</strong></span> <span class='ocrx_word' id='word_1_184' title='bbox 349 2138 507 2191; x_wconf 87' lang='lat' dir='ltr'><strong>existimant</strong></span> <span class='ocrx_word' id='word_1_185' title='bbox 522 2128 702 2192; x_wconf 71' lang='lat' dir='ltr'><strong>Timarchum</strong></span> <span class='ocrx_word' id='word_1_186' title='bbox 719 2137 803 2191; x_wconf 71' lang='lat' dir='ltr'><strong>unda</strong></span> <span class='ocrx_word' id='word_1_187' title='bbox 819 2136 949 2191; x_wconf 81' lang='lat' dir='ltr'><strong>conviciis</strong></span> <span class='ocrx_word' id='word_1_188' title='bbox 966 2135 1001 2189; x_wconf 89' lang='lat' dir='ltr'><strong>ab</strong></span> <span class='ocrx_word' id='word_1_189' title='bbox 1018 2136 1151 2190; x_wconf 81' lang='lat' dir='ltr'><strong>AEschiuo</strong></span> <span class='ocrx_word' id='word_1_190' title='bbox 1168 2136 1269 2190; x_wconf 84' lang='lat' dir='ltr'><strong>lacera-</strong></span> 
     </span>
     <span class='ocr_line' id='line_1_22' title="bbox 169 2217 1269 2291; baseline -0.004 -16"><span class='ocrx_word' id='word_1_191' title='bbox 169 2226 239 2289; x_wconf 90' lang='lat' dir='ltr'><strong>tum,</strong></span> <span class='ocrx_word' id='word_1_192' title='bbox 251 2221 462 2286; x_wconf 63' lang='lat' dir='ltr'><strong>reinmundum</strong></span> <span class='ocrx_word' id='word_1_193' title='bbox 475 2221 551 2287; x_wconf 84' lang='lat' dir='ltr'><strong>alios,</strong></span> <span class='ocrx_word' id='word_1_194' title='bbox 565 2237 600 2275; x_wconf 90' lang='lat' dir='ltr'><strong>ne</strong></span> <span class='ocrx_word' id='word_1_195' title='bbox 609 2224 770 2291; x_wconf 84' lang='lat' dir='ltr'><strong>exspectato</strong></span> <span class='ocrx_word' id='word_1_196' title='bbox 778 2218 891 2291; x_wconf 84' lang='lat' dir='ltr'><strong>quidem</strong></span> <span class='ocrx_word' id='word_1_197' title='bbox 900 2219 1017 2288; x_wconf 86' lang='lat' dir='ltr'><strong>judicio,</strong></span> <span class='ocrx_word' id='word_1_198' title='bbox 1026 2219 1125 2289; x_wconf 88' lang='lat' dir='ltr'><strong>lnqneo</strong></span> <span class='ocrx_word' id='word_1_199' title='bbox 1136 2217 1188 2271; x_wconf 90' lang='lat' dir='ltr'><strong>sibi</strong></span> <span class='ocrx_word' id='word_1_200' title='bbox 1199 2220 1269 2272; x_wconf 84' lang='lat' dir='ltr'><strong>mor-</strong></span> 
     </span>
     <span class='ocr_line' id='line_1_23' title="bbox 169 2299 1267 2367; baseline 0 -12"><span class='ocrx_word' id='word_1_201' title='bbox 169 2306 227 2355; x_wconf 88' lang='lat' dir='ltr'><strong>tem</strong></span> <span class='ocrx_word' id='word_1_202' title='bbox 246 2302 421 2358; x_wconf 76' lang='lat' dir='ltr'><strong>conscivisse.</strong></span> <span class='ocrx_word' id='word_1_203' title='bbox 449 2299 523 2355; x_wconf 86' lang='lat' dir='ltr'><strong>Vide</strong></span> <span class='ocrx_word' id='word_1_204' title='bbox 542 2300 683 2357; x_wconf 84' lang='lat' dir='ltr'><strong>Plutarch.</strong></span> <span class='ocrx_word' id='word_1_205' title='bbox 700 2302 730 2355; x_wconf 91' lang='lat' dir='ltr'><strong>in</strong></span> <span class='ocrx_word' id='word_1_206' title='bbox 746 2302 804 2355; x_wconf 81' lang='lat' dir='ltr'><strong>sita</strong></span> <span class='ocrx_word' id='word_1_207' title='bbox 821 2300 968 2367; x_wconf 79' lang='lat' dir='ltr'><strong>AEachinis,</strong></span> <span class='ocrx_word' id='word_1_208' title='bbox 980 2301 1108 2355; x_wconf 85' lang='lat' dir='ltr'><strong>Photium</strong></span> <span class='ocrx_word' id='word_1_209' title='bbox 1119 2302 1185 2353; x_wconf 89' lang='lat' dir='ltr'><strong>item</strong></span> <span class='ocrx_word' id='word_1_210' title='bbox 1198 2300 1267 2355; x_wconf 80' lang='lat' dir='ltr'><strong>Cod.</strong></span> 
     </span>
     <span class='ocr_line' id='line_1_24' title="bbox 169 2381 1267 2453; baseline -0.004 -14"><span class='ocrx_word' id='word_1_211' title='bbox 169 2384 334 2439; x_wconf 74' lang='lat' dir='ltr'><strong>ccuxw.</strong></span> <span class='ocrx_word' id='word_1_212' title='bbox 354 2383 503 2453; x_wconf 89' lang='lat' dir='ltr'><strong>Ulpianum</strong></span> <span class='ocrx_word' id='word_1_213' title='bbox 513 2384 548 2438; x_wconf 91' lang='lat' dir='ltr'><strong>ad</strong></span> <span class='ocrx_word' id='word_1_214' title='bbox 556 2382 736 2437; x_wconf 83' lang='lat' dir='ltr'><strong>Demosthen.</strong></span> <span class='ocrx_word' id='word_1_215' title='bbox 749 2402 779 2436; x_wconf 75' lang='lat' dir='ltr'><strong>a.</strong></span> <span class='ocrx_word' id='word_1_216' title='bbox 789 2385 952 2451; x_wconf 78' lang='grc' dir='ltr'><strong>ταρατρετβ.</strong></span> <span class='ocrx_word' id='word_1_217' title='bbox 971 2381 1267 2435; x_wconf 82' lang='lat' dir='ltr'><strong>Tzetseminchiliad.</strong></span> 
     </span>
     <span class='ocr_line' id='line_1_25' title="bbox 169 2463 1269 2535; baseline 0 -16"><span class='ocrx_word' id='word_1_218' title='bbox 169 2466 223 2521; x_wconf 87' lang='lat' dir='ltr'><strong>vl.</strong></span> <span class='ocrx_word' id='word_1_219' title='bbox 236 2471 281 2521; x_wconf 76' lang='lat'><strong>58.</strong></span> <span class='ocrx_word' id='word_1_220' title='bbox 301 2470 329 2519; x_wconf 91' lang='lat' dir='ltr'><strong>et</strong></span> <span class='ocrx_word' id='word_1_221' title='bbox 339 2467 490 2521; x_wconf 79' lang='lat' dir='ltr'><strong>Auctorem</strong></span> <span class='ocrx_word' id='word_1_222' title='bbox 502 2466 654 2535; x_wconf 75' lang='lat' dir='ltr'><strong>argumenti</strong></span> <span class='ocrx_word' id='word_1_223' title='bbox 666 2464 772 2533; x_wconf 87' lang='lat' dir='ltr'><strong>prioris.</strong></span> <span class='ocrx_word' id='word_1_224' title='bbox 808 2464 922 2517; x_wconf 87' lang='lat' dir='ltr'><strong>Interea</strong></span> <span class='ocrx_word' id='word_1_225' title='bbox 933 2469 1025 2517; x_wconf 89' lang='lat' dir='ltr'><strong>tamen</strong></span> <span class='ocrx_word' id='word_1_226' title='bbox 1037 2463 1104 2516; x_wconf 88' lang='lat' dir='ltr'><strong>nihil</strong></span> <span class='ocrx_word' id='word_1_227' title='bbox 1114 2463 1269 2519; x_wconf 79' lang='lat' dir='ltr'><strong>istiusmodi</strong></span> 
     </span>
     <span class='ocr_line' id='line_1_26' title="bbox 167 2544 1269 2620; baseline -0.002 -17"><span class='ocrx_word' id='word_1_228' title='bbox 167 2556 311 2620; x_wconf 70' lang='lat' dir='ltr'><strong>comparet</strong></span> <span class='ocrx_word' id='word_1_229' title='bbox 321 2566 359 2605; x_wconf 84' lang='lat' dir='ltr'><strong>ex</strong></span> <span class='ocrx_word' id='word_1_230' title='bbox 376 2548 569 2603; x_wconf 80' lang='lat' dir='ltr'><strong>Demosthenis</strong></span> <span class='ocrx_word' id='word_1_231' title='bbox 580 2548 701 2601; x_wconf 81' lang='lat' dir='ltr'><strong>oratione</strong></span> <span class='ocrx_word' id='word_1_232' title='bbox 712 2563 776 2617; x_wconf 74' lang='lat' dir='ltr'><strong>quus</strong></span> <span class='ocrx_word' id='word_1_233' title='bbox 790 2546 917 2615; x_wconf 89' lang='lat' dir='ltr'><strong>sequitur</strong></span> <span class='ocrx_word' id='word_1_234' title='bbox 926 2546 958 2601; x_wconf 88' lang='lat' dir='ltr'><strong>de</strong></span> <span class='ocrx_word' id='word_1_235' title='bbox 968 2544 1037 2599; x_wconf 78' lang='lat' dir='ltr'><strong>susle</strong></span> <span class='ocrx_word' id='word_1_236' title='bbox 1047 2546 1116 2599; x_wconf 78' lang='lat' dir='ltr'><strong>obita</strong></span> <span class='ocrx_word' id='word_1_237' title='bbox 1132 2544 1269 2617; x_wconf 57' lang='lat' dir='ltr'><strong>legerim</strong></span> 
     </span>
     <span class='ocr_line' id='line_1_27' title="bbox 166 2628 1269 2699; baseline 0.001 -16"><span class='ocrx_word' id='word_1_238' title='bbox 166 2647 263 2685; x_wconf 82' lang='lat' dir='ltr'><strong>verum</strong></span> <span class='ocrx_word' id='word_1_239' title='bbox 279 2636 388 2686; x_wconf 87' lang='lat' dir='ltr'><strong>constat</strong></span> <span class='ocrx_word' id='word_1_240' title='bbox 405 2631 576 2684; x_wconf 89' lang='lat' dir='ltr'><strong>solummodo</strong></span> <span class='ocrx_word' id='word_1_241' title='bbox 592 2630 687 2684; x_wconf 81' lang='lat' dir='ltr'><strong>vicisse</strong></span> <span class='ocrx_word' id='word_1_242' title='bbox 705 2629 817 2699; x_wconf 89' lang='lat' dir='ltr'><strong>quidem</strong></span> <span class='ocrx_word' id='word_1_243' title='bbox 838 2628 1007 2694; x_wconf 84' lang='lat' dir='ltr'><strong>AEsohinem,</strong></span> <span class='ocrx_word' id='word_1_244' title='bbox 1027 2630 1269 2699; x_wconf 82' lang='lat' dir='ltr'><strong>adversariumque</strong></span> 
     </span>
     <span class='ocr_line' id='line_1_28' title="bbox 167 2709 1270 2785; baseline -0.001 -18"><span class='ocrx_word' id='word_1_245' title='bbox 167 2728 249 2769; x_wconf 81' lang='lat' dir='ltr'><strong>snum</strong></span> <span class='ocrx_word' id='word_1_246' title='bbox 260 2729 294 2768; x_wconf 84' lang='lat' dir='ltr'><strong>ea</strong></span> <span class='ocrx_word' id='word_1_247' title='bbox 303 2712 417 2785; x_wconf 53' lang='lat' dir='ltr'><strong>inmania</strong></span> <span class='ocrx_word' id='word_1_248' title='bbox 428 2711 584 2783; x_wconf 81' lang='lat' dir='ltr'><strong>perculisse,</strong></span> <span class='ocrx_word' id='word_1_249' title='bbox 595 2728 658 2782; x_wconf 81' lang='lat' dir='ltr'><strong>quas</strong></span> <span class='ocrx_word' id='word_1_250' title='bbox 667 2712 709 2767; x_wconf 89' lang='lat' dir='ltr'><strong>his</strong></span> <span class='ocrx_word' id='word_1_251' title='bbox 721 2711 844 2765; x_wconf 81' lang='lat' dir='ltr'><strong>moribus</strong></span> <span class='ocrx_word' id='word_1_252' title='bbox 860 2725 897 2765; x_wconf 83' lang='lat' dir='ltr'><strong>ex</strong></span> <span class='ocrx_word' id='word_1_253' title='bbox 910 2709 1070 2781; x_wconf 71' lang='lat' dir='ltr'><strong>praescripto</strong></span> <span class='ocrx_word' id='word_1_254' title='bbox 1082 2712 1174 2779; x_wconf 73' lang='lat' dir='ltr'><strong>legum</strong></span> <span class='ocrx_word' id='word_1_255' title='bbox 1186 2711 1270 2767; x_wconf 85' lang='lat' dir='ltr'><strong>dehe-</strong></span> 
     </span>
     <span class='ocr_line' id='line_1_29' title="bbox 166 2790 1269 2867; baseline 0 -18"><span class='ocrx_word' id='word_1_256' title='bbox 166 2800 220 2849; x_wconf 87' lang='lat' dir='ltr'><strong>tur.</strong></span> <span class='ocrx_word' id='word_1_257' title='bbox 255 2796 322 2849; x_wconf 82' lang='lat' dir='ltr'><strong>Vid.</strong></span> <span class='ocrx_word' id='word_1_258' title='bbox 336 2810 399 2865; x_wconf 72' lang='lat' dir='ltr'><strong>pag.</strong></span> <span class='ocrx_word' id='word_1_259' title='bbox 411 2799 456 2849; x_wconf 76' lang='grc'><strong>69.</strong></span> <span class='ocrx_word' id='word_1_260' title='bbox 469 2797 486 2847; x_wconf 94' lang='grc' dir='ltr'><strong>Ι.</strong></span> <span class='ocrx_word' id='word_1_261' title='bbox 498 2798 542 2850; x_wconf 85' lang='grc'><strong>16.</strong></span> <span class='ocrx_word' id='word_1_262' title='bbox 559 2790 597 2867; x_wconf 77' lang='lat'><strong>[5.</strong></span> <span class='ocrx_word' id='word_1_263' title='bbox 610 2792 651 2867; x_wconf 64' lang='lat' dir='ltr'><strong>tp]</strong></span> <span class='ocrx_word' id='word_1_264' title='bbox 662 2792 780 2862; x_wconf 87' lang='lat' dir='ltr'><strong>hujusce</strong></span> <span class='ocrx_word' id='word_1_265' title='bbox 788 2792 881 2847; x_wconf 80' lang='lat' dir='ltr'><strong>Tomi.</strong></span> <span class='ocrx_word' id='word_1_266' title='bbox 917 2792 965 2847; x_wconf 85' lang='lat' dir='ltr'><strong>Ex</strong></span> <span class='ocrx_word' id='word_1_267' title='bbox 983 2795 1081 2847; x_wconf 65' lang='lat' dir='ltr'><strong>udam</strong></span> <span class='ocrx_word' id='word_1_268' title='bbox 1099 2794 1147 2848; x_wconf 89' lang='lat' dir='ltr'><strong>illa</strong></span> <span class='ocrx_word' id='word_1_269' title='bbox 1164 2794 1269 2849; x_wconf 89' lang='lat' dir='ltr'><strong>Demo·</strong></span> 
     </span>
     <span class='ocr_line' id='line_1_30' title="bbox 166 2874 1267 2945; baseline 0 -13"><span class='ocrx_word' id='word_1_270' title='bbox 166 2877 399 2933; x_wconf 85' lang='lat' dir='ltr'><strong>athenisoratione</strong></span> <span class='ocrx_word' id='word_1_271' title='bbox 408 2878 490 2931; x_wconf 88' lang='lat' dir='ltr'><strong>otiam</strong></span> <span class='ocrx_word' id='word_1_272' title='bbox 503 2877 646 2944; x_wconf 85' lang='lat' dir='ltr'><strong>admoneo,</strong></span> <span class='ocrx_word' id='word_1_273' title='bbox 654 2877 788 2931; x_wconf 90' lang='lat' dir='ltr'><strong>nonnulla</strong></span> <span class='ocrx_word' id='word_1_274' title='bbox 796 2892 861 2945; x_wconf 77' lang='lat' dir='ltr'><strong>qum</strong></span> <span class='ocrx_word' id='word_1_275' title='bbox 873 2874 1021 2929; x_wconf 79' lang='lat' dir='ltr'><strong>AEsolrinea</strong></span> <span class='ocrx_word' id='word_1_276' title='bbox 1031 2876 1061 2929; x_wconf 86' lang='lat' dir='ltr'><strong>ln</strong></span> <span class='ocrx_word' id='word_1_277' title='bbox 1070 2875 1122 2929; x_wconf 84' lang='lat' dir='ltr'><strong>hac</strong></span> <span class='ocrx_word' id='word_1_278' title='bbox 1131 2893 1216 2931; x_wconf 85' lang='lat' dir='ltr'><strong>cauas</strong></span> <span class='ocrx_word' id='word_1_279' title='bbox 1223 2894 1267 2932; x_wconf 88' lang='lat' dir='ltr'><strong>se-</strong></span> 
     </span>
     <span class='ocr_line' id='line_1_31' title="bbox 166 2958 608 3027; baseline -0.007 -13"><span class='ocrx_word' id='word_1_280' title='bbox 166 2974 230 3014; x_wconf 80' lang='lat' dir='ltr'><strong>vere</strong></span> <span class='ocrx_word' id='word_1_281' title='bbox 238 2958 350 3027; x_wconf 80' lang='lat' dir='ltr'><strong>dixerit,</strong></span> <span class='ocrx_word' id='word_1_282' title='bbox 361 2958 441 3012; x_wconf 88' lang='lat' dir='ltr'><strong>hodie</strong></span> <span class='ocrx_word' id='word_1_283' title='bbox 454 2958 608 3013; x_wconf 83' lang='lat' dir='ltr'><strong>desiderari.</strong></span> 
     </span>
    </p>

    <p class='ocr_par' dir='ltr' id='par_1_10' title="bbox 101 3039 1268 3439">
     <span class='ocr_line' id='line_1_32' title="bbox 201 3039 1267 3115; baseline 0.003 -19"><span class='ocrx_word' id='word_1_284' title='bbox 201 3041 286 3106; x_wconf 88' lang='lat' dir='ltr'><strong>Quod</strong></span> <span class='ocrx_word' id='word_1_285' title='bbox 303 3042 333 3095; x_wconf 90' lang='lat' dir='ltr'><strong>in</strong></span> <span class='ocrx_word' id='word_1_286' title='bbox 349 3041 463 3095; x_wconf 86' lang='lat' dir='ltr'><strong>exordio</strong></span> <span class='ocrx_word' id='word_1_287' title='bbox 478 3040 561 3108; x_wconf 76' lang='lat' dir='ltr'><strong>hujus</strong></span> <span class='ocrx_word' id='word_1_288' title='bbox 574 3040 703 3094; x_wconf 89' lang='lat' dir='ltr'><strong>orationis</strong></span> <span class='ocrx_word' id='word_1_289' title='bbox 714 3039 750 3096; x_wconf 91' lang='lat' dir='ltr'><strong>de</strong></span> <span class='ocrx_word' id='word_1_290' title='bbox 766 3041 833 3110; x_wconf 72' lang='lat' dir='ltr'><strong>fuga</strong></span> <span class='ocrx_word' id='word_1_291' title='bbox 847 3041 1062 3108; x_wconf 82' lang='lat' dir='ltr'><strong>inimicitiarum,</strong></span> <span class='ocrx_word' id='word_1_292' title='bbox 1072 3043 1212 3115; x_wconf 84' lang='lat' dir='ltr'><strong>animique</strong></span> <span class='ocrx_word' id='word_1_293' title='bbox 1223 3045 1267 3101; x_wconf 87' lang='lat' dir='ltr'><strong>aui</strong></span> 
     </span>
     <span class='ocr_line' id='line_1_33' title="bbox 164 3122 1265 3194; baseline 0 -15"><span class='ocrx_word' id='word_1_294' title='bbox 164 3124 351 3179; x_wconf 73' lang='lat' dir='ltr'><strong>moderatione</strong></span> <span class='ocrx_word' id='word_1_295' title='bbox 358 3122 495 3194; x_wconf 77' lang='lat' dir='ltr'><strong>praedicat</strong></span> <span class='ocrx_word' id='word_1_296' title='bbox 505 3122 657 3189; x_wconf 59' lang='lat' dir='ltr'><strong>AEwhineu</strong></span> <span class='ocrx_word' id='word_1_297' title='bbox 668 3123 741 3176; x_wconf 91' lang='lat' dir='ltr'><strong>idem</strong></span> <span class='ocrx_word' id='word_1_298' title='bbox 754 3124 838 3177; x_wconf 87' lang='lat' dir='ltr'><strong>etism</strong></span> <span class='ocrx_word' id='word_1_299' title='bbox 850 3124 1012 3177; x_wconf 85' lang='lat' dir='ltr'><strong>inculcatio</strong></span> <span class='ocrx_word' id='word_1_300' title='bbox 1024 3123 1151 3193; x_wconf 88' lang='lat' dir='ltr'><strong>Epistola</strong></span> <span class='ocrx_word' id='word_1_301' title='bbox 1160 3126 1265 3181; x_wconf 64' lang='lat' dir='ltr'><strong>xllu.</strong></span> 
     </span>
     <span class='ocr_line' id='line_1_34' title="bbox 165 3204 1268 3277; baseline 0.004 -18"><span class='ocrx_word' id='word_1_302' title='bbox 165 3204 342 3261; x_wconf 82' lang='lat' dir='ltr'><strong>Etlaudatur</strong></span> <span class='ocrx_word' id='word_1_303' title='bbox 352 3204 477 3275; x_wconf 84' lang='lat' dir='ltr'><strong>prolecto</strong></span> <span class='ocrx_word' id='word_1_304' title='bbox 486 3204 538 3258; x_wconf 94' lang='lat' dir='ltr'><strong>hoc</strong></span> <span class='ocrx_word' id='word_1_305' title='bbox 549 3206 715 3274; x_wconf 85' lang='lat' dir='ltr'><strong>prooenrium</strong></span> <span class='ocrx_word' id='word_1_306' title='bbox 727 3204 762 3258; x_wconf 89' lang='lat' dir='ltr'><strong>ab</strong></span> <span class='ocrx_word' id='word_1_307' title='bbox 771 3204 947 3274; x_wconf 77' lang='lat' dir='ltr'><strong>Hermogene</strong></span> <span class='ocrx_word' id='word_1_308' title='bbox 956 3206 986 3260; x_wconf 93' lang='lat' dir='ltr'><strong>in</strong></span> <span class='ocrx_word' id='word_1_309' title='bbox 995 3222 1057 3274; x_wconf 89' lang='lat' dir='ltr'><strong>cap.</strong></span> <span class='ocrx_word' id='word_1_310' title='bbox 1070 3211 1127 3277; x_wconf 64' lang='lat' dir='ltr'><strong>sript</strong></span> <span class='ocrx_word' id='word_1_311' title='bbox 1136 3209 1268 3263; x_wconf 73' lang='grc' dir='ltr'><strong>Ἐπιεικεί·</strong></span> 
     </span>
     <span class='ocr_line' id='line_1_35' title="bbox 165 3284 1267 3358; baseline 0.002 -15"><span class='ocrx_word' id='word_1_312' title='bbox 165 3310 206 3353; x_wconf 77' lang='grc' dir='ltr'><strong>ος,</strong></span> <span class='ocrx_word' id='word_1_313' title='bbox 223 3293 355 3357; x_wconf 85' lang='lat' dir='ltr'><strong>tanquam</strong></span> <span class='ocrx_word' id='word_1_314' title='bbox 371 3288 476 3341; x_wconf 88' lang='lat' dir='ltr'><strong>illustro</strong></span> <span class='ocrx_word' id='word_1_315' title='bbox 496 3291 688 3356; x_wconf 78' lang='lat' dir='ltr'><strong>argumentum</strong></span> <span class='ocrx_word' id='word_1_316' title='bbox 705 3286 784 3341; x_wconf 86' lang='lat' dir='ltr'><strong>istius</strong></span> <span class='ocrx_word' id='word_1_317' title='bbox 801 3284 981 3343; x_wconf 80' lang='lat' dir='ltr'><strong>dharacten&#39;s.</strong></span> <span class='ocrx_word' id='word_1_318' title='bbox 1016 3288 1062 3341; x_wconf 90' lang='lat' dir='ltr'><strong>De</strong></span> <span class='ocrx_word' id='word_1_319' title='bbox 1079 3306 1113 3342; x_wconf 94' lang='lat' dir='ltr'><strong>eo</strong></span> <span class='ocrx_word' id='word_1_320' title='bbox 1130 3306 1210 3358; x_wconf 93' lang='lat' dir='ltr'><strong>porro</strong></span> <span class='ocrx_word' id='word_1_321' title='bbox 1226 3291 1267 3345; x_wconf 78' lang='lat' dir='ltr'><strong>itu</strong></span> 
     </span>
     <span class='ocr_line' id='line_1_36' title="bbox 101 3366 1266 3439; baseline 0.003 -16"><span class='ocrx_word' id='word_1_322' title='bbox 101 3412 104 3417; x_wconf 91' lang='lat'><strong>.</strong></span> <span class='ocrx_word' id='word_1_323' title='bbox 165 3369 314 3439; x_wconf 75' lang='lat' dir='ltr'><strong>Dionysius</strong></span> <span class='ocrx_word' id='word_1_324' title='bbox 332 3369 442 3439; x_wconf 83' lang='lat' dir='ltr'><strong>quidam</strong></span> <span class='ocrx_word' id='word_1_325' title='bbox 460 3368 529 3438; x_wconf 83' lang='lat' dir='ltr'><strong>(sire</strong></span> <span class='ocrx_word' id='word_1_326' title='bbox 546 3366 666 3423; x_wconf 79' lang='lat' dir='ltr'><strong>latuerit</strong></span> <span class='ocrx_word' id='word_1_327' title='bbox 676 3369 827 3437; x_wconf 77' lang='lat' dir='ltr'><strong>Dionysius</strong></span> <span class='ocrx_word' id='word_1_328' title='bbox 843 3371 997 3438; x_wconf 59' lang='lat' dir='ltr'><strong>Lennium,</strong></span> <span class='ocrx_word' id='word_1_329' title='bbox 1015 3374 1048 3423; x_wconf 89' lang='lat' dir='ltr'><strong>ut</strong></span> <span class='ocrx_word' id='word_1_330' title='bbox 1058 3372 1266 3439; x_wconf 74' lang='lat' dir='ltr'><strong>nonnulliarbi-</strong></span> 
     </span>
    </p>
   </div>
   <div class='ocr_carea' id='block_1_6' title="bbox 108 3452 1361 3523">
    <p class='ocr_par' dir='ltr' id='par_1_11' title="bbox 108 3452 1361 3523">
     <span class='ocr_line' id='line_1_37' title="bbox 108 3452 1361 3523; baseline -0.007 -15"><span class='ocrx_word' id='word_1_331' title='bbox 108 3466 112 3471; x_wconf 86' lang='lat'>&#39;</span> <span class='ocrx_word' id='word_1_332' title='bbox 164 3458 280 3518; x_wconf 72' lang='lat' dir='ltr'><strong>uantur,</strong></span> <span class='ocrx_word' id='word_1_333' title='bbox 293 3456 349 3507; x_wconf 84' lang='lat' dir='ltr'><strong>sire</strong></span> <span class='ocrx_word' id='word_1_334' title='bbox 361 3452 496 3522; x_wconf 85' lang='lat' dir='ltr'><strong>quispiam</strong></span> <span class='ocrx_word' id='word_1_335' title='bbox 509 3452 591 3522; x_wconf 82' lang='lat' dir='ltr'><strong>nlius)</strong></span> <span class='ocrx_word' id='word_1_336' title='bbox 607 3468 644 3505; x_wconf 85' lang='lat' dir='ltr'><strong>ex</strong></span> <span class='ocrx_word' id='word_1_337' title='bbox 662 3453 752 3506; x_wconf 90' lang='lat' dir='ltr'><strong>Photii</strong></span> <span class='ocrx_word' id='word_1_338' title='bbox 769 3452 839 3507; x_wconf 82' lang='lat' dir='ltr'><strong>cod.</strong></span> <span class='ocrx_word' id='word_1_339' title='bbox 858 3453 943 3507; x_wconf 86' lang='lat' dir='ltr'><strong>LXI.</strong></span> <span class='ocrx_word' id='word_1_340' title='bbox 972 3455 1128 3517; x_wconf 60' lang='grc' dir='ltr'><strong>Διονύσιος.)</strong></span> <span class='ocrx_word' id='word_1_341' title='bbox 1145 3461 1265 3523; x_wconf 55' lang='lat' dir='ltr'><strong>copam</strong></span> <span class='ocrx_word' id='word_1_342' title='bbox 1358 3495 1361 3499; x_wconf 25' lang='lat'><em>1</em></span> 
     </span>
    </p>
   </div>
   <div class='ocr_carea' id='block_1_7' title="bbox 160 3534 1264 4188">
    <p class='ocr_par' dir='ltr' id='par_1_12' title="bbox 160 3534 1264 4188">
     <span class='ocr_line' id='line_1_38' title="bbox 162 3534 1264 3611; baseline 0.003 -20"><span class='ocrx_word' id='word_1_343' title='bbox 162 3534 278 3607; x_wconf 69' lang='grc' dir='ltr'>ἱντνχῶν</span> <span class='ocrx_word' id='word_1_344' title='bbox 290 3557 352 3591; x_wconf 79' lang='grc' dir='ltr'>ποτε</span> <span class='ocrx_word' id='word_1_345' title='bbox 365 3542 402 3605; x_wconf 72' lang='grc' dir='ltr'><strong>τῷ</strong></span> <span class='ocrx_word' id='word_1_346' title='bbox 412 3541 477 3593; x_wconf 80' lang='lat' dir='ltr'><strong>sord</strong></span> <span class='ocrx_word' id='word_1_347' title='bbox 488 3538 616 3609; x_wconf 75' lang='grc' dir='ltr'><strong>Τιμάρχου</strong></span> <span class='ocrx_word' id='word_1_348' title='bbox 625 3538 704 3609; x_wconf 68' lang='grc' dir='ltr'>λόγῳ,</span> <span class='ocrx_word' id='word_1_349' title='bbox 713 3542 755 3591; x_wconf 84' lang='lat' dir='ltr'><strong>rol</strong></span> <span class='ocrx_word' id='word_1_350' title='bbox 769 3542 818 3603; x_wconf 71' lang='lat' dir='ltr'><strong>niv</strong></span> <span class='ocrx_word' id='word_1_351' title='bbox 831 3540 917 3608; x_wconf 72' lang='grc' dir='ltr'><strong><em>ἀρχὴν</em></strong></span> <span class='ocrx_word' id='word_1_352' title='bbox 927 3540 1058 3608; x_wconf 73' lang='grc' dir='ltr'>ἀναγνοὺς</span> <span class='ocrx_word' id='word_1_353' title='bbox 1069 3546 1113 3593; x_wconf 82' lang='lat' dir='ltr'><strong>rori</strong></span> <span class='ocrx_word' id='word_1_354' title='bbox 1123 3544 1264 3611; x_wconf 69' lang='grc' dir='ltr'><strong>προοιμίου,</strong></span> 
     </span>
     <span class='ocr_line' id='line_1_39' title="bbox 162 3618 1264 3689; baseline 0.002 -14"><span class='ocrx_word' id='word_1_355' title='bbox 162 3624 289 3662; x_wconf 86' lang='lat'>-——“</span> <span class='ocrx_word' id='word_1_356' title='bbox 299 3623 359 3675; x_wconf 73' lang='grc' dir='ltr'><strong>Εἰθι</strong></span> <span class='ocrx_word' id='word_1_357' title='bbox 375 3623 489 3683; x_wconf 71' lang='grc' dir='ltr'>πολλοὺς</span> <span class='ocrx_word' id='word_1_358' title='bbox 506 3618 633 3689; x_wconf 72' lang='grc' dir='ltr'><strong>Ιγρᾶψω,”</strong></span> <span class='ocrx_word' id='word_1_359' title='bbox 652 3621 707 3688; x_wconf 74' lang='grc' dir='ltr'><strong>ἔφη,</strong></span> <span class='ocrx_word' id='word_1_360' title='bbox 721 3620 739 3649; x_wconf 89' lang='grc'>“</span> <span class='ocrx_word' id='word_1_361' title='bbox 751 3622 801 3673; x_wconf 74' lang='lat' dir='ltr'><strong>side</strong></span> <span class='ocrx_word' id='word_1_362' title='bbox 815 3623 927 3683; x_wconf 70' lang='grc' dir='ltr'>πολλοὺς</span> <span class='ocrx_word' id='word_1_363' title='bbox 941 3623 1083 3685; x_wconf 71' lang='grc' dir='ltr'><strong>Ιλύτηοος,</strong></span> <span class='ocrx_word' id='word_1_364' title='bbox 1097 3623 1143 3677; x_wconf 78' lang='grc' dir='ltr'><strong>ἵνα</strong></span> <span class='ocrx_word' id='word_1_365' title='bbox 1159 3626 1264 3687; x_wconf 74' lang='grc' dir='ltr'><strong>πλείους</strong></span> 
     </span>
     <span class='ocr_line' id='line_1_40' title="bbox 162 3702 1191 3777; baseline 0 -18"><span class='ocrx_word' id='word_1_366' title='bbox 162 3706 354 3766; x_wconf 68' lang='grc' dir='ltr'><strong>καταλελοιπὼς</strong></span> <span class='ocrx_word' id='word_1_367' title='bbox 364 3705 505 3772; x_wconf 67' lang='grc' dir='ltr'>ἐτύγχανες</span> <span class='ocrx_word' id='word_1_368' title='bbox 514 3702 632 3771; x_wconf 62' lang='lat' dir='ltr'><strong>lid-joun*</strong></span> <span class='ocrx_word' id='word_1_369' title='bbox 648 3704 727 3765; x_wconf 70' lang='grc' dir='ltr'>οὕτως</span> <span class='ocrx_word' id='word_1_370' title='bbox 738 3705 807 3767; x_wconf 66' lang='grc' dir='ltr'><strong>ἥσθη</strong></span> <span class='ocrx_word' id='word_1_371' title='bbox 818 3708 855 3771; x_wconf 64' lang='grc' dir='ltr'><strong>τῷ</strong></span> <span class='ocrx_word' id='word_1_372' title='bbox 865 3709 1008 3773; x_wconf 74' lang='grc' dir='ltr'><strong><em>χαρακτῆρι</em></strong></span> <span class='ocrx_word' id='word_1_373' title='bbox 1019 3710 1065 3758; x_wconf 77' lang='grc' dir='ltr'><strong>τοῦ</strong></span> <span class='ocrx_word' id='word_1_374' title='bbox 1076 3705 1191 3777; x_wconf 75' lang='grc' dir='ltr'><strong>ῥήτορος.</strong></span> 
     </span>
     <span class='ocr_line' id='line_1_41' title="bbox 198 3784 1264 3858; baseline 0.002 -17"><span class='ocrx_word' id='word_1_375' title='bbox 198 3789 350 3851; x_wconf 86' lang='lat' dir='ltr'><strong>Postremo,</strong></span> <span class='ocrx_word' id='word_1_376' title='bbox 360 3784 432 3840; x_wconf 89' lang='lat' dir='ltr'><strong>hanc</strong></span> <span class='ocrx_word' id='word_1_377' title='bbox 443 3799 557 3839; x_wconf 85' lang='lat' dir='ltr'><strong>causam</strong></span> <span class='ocrx_word' id='word_1_378' title='bbox 567 3784 639 3837; x_wconf 89' lang='lat' dir='ltr'><strong>inter</strong></span> <span class='ocrx_word' id='word_1_379' title='bbox 648 3784 714 3837; x_wconf 86' lang='lat' dir='ltr'><strong>alios</strong></span> <span class='ocrx_word' id='word_1_380' title='bbox 726 3789 861 3838; x_wconf 81' lang='lat' dir='ltr'><strong>memorat</strong></span> <span class='ocrx_word' id='word_1_381' title='bbox 871 3785 987 3839; x_wconf 78' lang='lat' dir='ltr'><strong>Lucina.</strong></span> <span class='ocrx_word' id='word_1_382' title='bbox 998 3786 1115 3856; x_wconf 75' lang='lat' dir='ltr'><strong>Apolog.</strong></span> <span class='ocrx_word' id='word_1_383' title='bbox 1126 3804 1175 3858; x_wconf 94' lang='lat' dir='ltr'><strong>pro</strong></span> <span class='ocrx_word' id='word_1_384' title='bbox 1186 3788 1264 3843; x_wconf 86' lang='lat' dir='ltr'><strong>Mer·</strong></span> 
     </span>
     <span class='ocr_line' id='line_1_42' title="bbox 162 3866 1263 3939; baseline -0.001 -11"><span class='ocrx_word' id='word_1_385' title='bbox 162 3876 222 3928; x_wconf 83' lang='lat' dir='ltr'><strong>ced.</strong></span> <span class='ocrx_word' id='word_1_386' title='bbox 239 3872 370 3927; x_wconf 86' lang='lat' dir='ltr'><strong>conduct.</strong></span> <span class='ocrx_word' id='word_1_387' title='bbox 390 3870 415 3939; x_wconf 62' lang='grc' dir='ltr'><strong>ᾖ.</strong></span> <span class='ocrx_word' id='word_1_388' title='bbox 423 3871 449 3923; x_wconf 84' lang='grc'><strong>7.</strong></span> <span class='ocrx_word' id='word_1_389' title='bbox 468 3875 497 3921; x_wconf 94' lang='lat' dir='ltr'><strong>et</strong></span> <span class='ocrx_word' id='word_1_390' title='bbox 513 3868 789 3936; x_wconf 82' lang='lat' dir='ltr'><strong>adv.1ndoct.5.27.</strong></span> <span class='ocrx_word' id='word_1_391' title='bbox 807 3866 943 3922; x_wconf 87' lang='lat' dir='ltr'><strong>Plutarch.</strong></span> <span class='ocrx_word' id='word_1_392' title='bbox 956 3869 984 3922; x_wconf 91' lang='lat' dir='ltr'><strong>in</strong></span> <span class='ocrx_word' id='word_1_393' title='bbox 995 3868 1087 3923; x_wconf 88' lang='lat' dir='ltr'><strong>libello</strong></span> <span class='ocrx_word' id='word_1_394' title='bbox 1098 3871 1134 3923; x_wconf 92' lang='lat' dir='ltr'><strong>de</strong></span> <span class='ocrx_word' id='word_1_395' title='bbox 1150 3870 1263 3927; x_wconf 82' lang='lat' dir='ltr'><strong>Virtute</strong></span> 
     </span>
     <span class='ocr_line' id='line_1_43' title="bbox 162 3950 1262 4022; baseline -0.003 -12"><span class='ocrx_word' id='word_1_396' title='bbox 162 3956 267 4010; x_wconf 81' lang='lat' dir='ltr'><strong>Athen.</strong></span> <span class='ocrx_word' id='word_1_397' title='bbox 278 3953 327 4008; x_wconf 90' lang='lat' dir='ltr'><strong>ubi</strong></span> <span class='ocrx_word' id='word_1_398' title='bbox 338 3956 452 4007; x_wconf 79' lang='lat' dir='ltr'><strong>vocatur</strong></span> <span class='ocrx_word' id='word_1_399' title='bbox 459 3954 526 4005; x_wconf 76' lang='grc' dir='ltr'><strong>κατὰ</strong></span> <span class='ocrx_word' id='word_1_400' title='bbox 533 3952 662 4020; x_wconf 77' lang='grc' dir='ltr'><strong>Τιμάρχου</strong></span> <span class='ocrx_word' id='word_1_401' title='bbox 668 3952 829 4022; x_wconf 75' lang='grc' dir='ltr'><strong>ἑταιρήσεως,</strong></span> <span class='ocrx_word' id='word_1_402' title='bbox 841 3951 881 4003; x_wconf 89' lang='lat' dir='ltr'><strong>uti</strong></span> <span class='ocrx_word' id='word_1_403' title='bbox 887 3950 1042 4005; x_wconf 85' lang='lat' dir='ltr'><strong>inscribitur</strong></span> <span class='ocrx_word' id='word_1_404' title='bbox 1050 3952 1080 4005; x_wconf 91' lang='lat' dir='ltr'><strong>in</strong></span> <span class='ocrx_word' id='word_1_405' title='bbox 1090 3954 1262 4019; x_wconf 71' lang='lat' dir='ltr'><strong>Argumento</strong></span> 
     </span>
     <span class='ocr_line' id='line_1_44' title="bbox 160 4033 1262 4110; baseline 0 -20"><span class='ocrx_word' id='word_1_406' title='bbox 160 4038 311 4106; x_wconf 86' lang='lat' dir='ltr'><strong>posteriori.</strong></span> <span class='ocrx_word' id='word_1_407' title='bbox 345 4036 381 4089; x_wconf 91' lang='lat' dir='ltr'><strong>ln</strong></span> <span class='ocrx_word' id='word_1_408' title='bbox 399 4050 516 4103; x_wconf 87' lang='lat' dir='ltr'><strong>eamque</strong></span> <span class='ocrx_word' id='word_1_409' title='bbox 527 4034 689 4103; x_wconf 86' lang='lat' dir='ltr'><strong>perpetuam</strong></span> <span class='ocrx_word' id='word_1_410' title='bbox 701 4033 958 4087; x_wconf 78' lang='lat' dir='ltr'><strong>commentationem</strong></span> <span class='ocrx_word' id='word_1_411' title='bbox 970 4034 1115 4089; x_wconf 80' lang='lat' dir='ltr'><strong>contexuit</strong></span> <span class='ocrx_word' id='word_1_412' title='bbox 1126 4034 1262 4110; x_wconf 73' lang='lat' dir='ltr'><strong>Brodaeus</strong></span> 
     </span>
     <span class='ocr_line' id='line_1_45' title="bbox 160 4114 1260 4188; baseline -0.003 -15"><span class='ocrx_word' id='word_1_413' title='bbox 160 4120 249 4173; x_wconf 86' lang='lat' dir='ltr'><strong>Vlll.</strong></span> <span class='ocrx_word' id='word_1_414' title='bbox 267 4118 386 4175; x_wconf 85' lang='lat' dir='ltr'><strong>Miscell.</strong></span> <span class='ocrx_word' id='word_1_415' title='bbox 395 4119 422 4171; x_wconf 87' lang='grc'><strong>7.</strong></span> <span class='ocrx_word' id='word_1_416' title='bbox 441 4116 515 4171; x_wconf 90' lang='lat' dir='ltr'><strong>unde</strong></span> <span class='ocrx_word' id='word_1_417' title='bbox 531 4132 594 4186; x_wconf 77' lang='lat' dir='ltr'><strong>quae</strong></span> <span class='ocrx_word' id='word_1_418' title='bbox 612 4114 816 4171; x_wconf 78' lang='lat' dir='ltr'><strong>utiliornvideri</strong></span> <span class='ocrx_word' id='word_1_419' title='bbox 827 4118 950 4185; x_wconf 87' lang='lat' dir='ltr'><strong>possunt,</strong></span> <span class='ocrx_word' id='word_1_420' title='bbox 964 4116 1115 4172; x_wconf 85' lang='lat' dir='ltr'><strong>identidem</strong></span> <span class='ocrx_word' id='word_1_421' title='bbox 1127 4119 1260 4188; x_wconf 79' lang='lat' dir='ltr'><strong>excerpsi.</strong></span> 
     </span>
    </p>
   </div>
   <div class='ocr_carea' id='block_1_8' title="bbox 159 4203 293 4257">
    <p class='ocr_par' dir='ltr' id='par_1_13' title="bbox 159 4203 293 4257">
     <span class='ocr_line' id='line_1_46' title="bbox 159 4203 293 4257; baseline -0.007 0"><span class='ocrx_word' id='word_1_422' title='bbox 159 4203 293 4257; x_wconf 75' lang='lat' dir='ltr'><strong>&#39;l&#39;srsorc</strong></span> 
     </span>
    </p>
   </div>
   <div class='ocr_carea' id='block_1_9' title="bbox 0 0 1530 4909">
    <p class='ocr_par' dir='ltr' id='par_1_14' title="bbox 0 0 1530 4909">
     <span class='ocr_line' id='line_1_47' title="bbox 0 0 1530 4909; baseline 0 5"><span class='ocrx_word' id='word_1_423' title='bbox 0 0 1530 4909; x_wconf 95' lang='lat' dir='ltr'><strong> </strong></span> 
     </span>
    </p>
   </div>
  </div>
 </body>
</html>
