3050 4909
476 314 540 381 DE
562 312 779 383 AESGHINE
802 312 1033 381 ORATORE.
1219 312 1308 383 xxvii

199 486 232 539 et
245 476 365 539 taudem
378 494 439 539 nou
453 478 654 559 consequitur.
687 480 739 553 At,
753 478 807 559 qui
820 478 914 541 audet
925 486 959 539 et
971 478 1090 541 inbrieo
1102 477 1305 557 periculisque

199 590 232 631 se
245 570 418 649 committit,
433 572 552 635 tametsi
565 572 657 644 cudit,
671 570 759 633 facite
774 571 891 634 renim
900 571 1022 633 invenit.
1045 570 1141 631 Fortis
1150 571 1230 631 enim
1241 572 1307 634 ani·

198 664 240 723 mi
253 672 286 725 et
297 664 432 741 generosi
452 682 558 743 magna
579 673 611 725 et
630 664 798 742 periculosa
818 672 971 743 appetere.
1012 663 1123 723 'timidi
1140 672 1171 723 et
1188 664 1307 727 humilis

196 754 379 834 cogitatione
394 756 515 837 periculi
529 755 652 819 victoria
666 756 785 818 cedere.
808 756 905 836 Igitur
917 776 959 817 ex
972 754 1142 819 oratoribus
1152 775 1213 817 nou
1227 776 1306 823 sem·

197 848 286 927 perii
301 850 474 927 probantur,
489 850 541 929 qui
554 858 700 911 consueta
712 857 744 909 et
759 848 879 928 vulgata
896 857 1072 927 uertuntur,
1091 849 1145 911 sed
1160 852 1215 928 qui
1226 868 1306 909 nora

197 948 290 1018 atque
303 941 435 1003 inaudita
447 952 598 1021 promunt.
626 942 668 1003 Ut
682 943 760 1011 hanc
772 942 892 1003 laudem
904 950 1106 1021 consequutus
1118 950 1229 1016 orator,
1238 962 1306 1003 sen·

197 1034 308 1108 tentius
320 1034 426 1097 fundet
440 1036 583 1115 evulgari
598 1034 814 1097 consuetudine
827 1035 1023 1097 abhorrentes
1035 1043 1069 1095 et
1081 1034 1167 1113 quusi
1185 1034 1305 1113 pericu-

196 1124 286 1188 losas.
328 1126 363 1187 tn
377 1126 474 1187 verbis
488 1127 701 1207 proprietatem
715 1137 746 1188 et
760 1127 980 1189 similitudinem
1002 1146 1064 1187 oon
1086 1146 1193 1206 magno
1212 1146 1305 1206 opere

196 1217 323 1287 curabit,
335 1218 389 1280 sed
403 1220 492 1281 animi
507 1220 619 1299 impetu
634 1240 666 1281 se
679 1220 811 1298 patietur
822 1220 931 1301 abripi.
958 1221 1056 1283 Modo
1070 1220 1150 1296 aeid
1164 1238 1244 1298 srepe
1260 1220 1305 1281 ία-

196 1310 266 1382 cist,
287 1332 336 1383 ne,
350 1314 422 1376 dum
443 1313 553 1377 audere
571 1314 683 1393 capiat,
698 1313 835 1376 videatur
851 1313 990 1377 inanire.
1032 1313 1305 1395 laudandusergo

195 1404 362 1477 AEschines,
378 1405 431 1485 qui
444 1406 567 1485 quidem
579 1407 677 1467 andex
691 1416 738 1467 est
757 1414 789 1467 et
807 1415 907 1469 tamen
919 1406 1071 1470 modestus
1085 1407 1222 1479 habetur,
1235 1425 1306 1485 pro·

195 1504 308 1573 pterea,
322 1498 404 1577 quod
418 1508 507 1561 eante
525 1510 556 1560 et
576 1499 794 1577 circumspecte
807 1507 840 1561 et
858 1518 927 1561 raro
940 1520 960 1561 a
972 1498 1191 1564 consuetudine
1202 1508 1235 1561 et
1251 1518 1305 1561 na·

197 1596 263 1649 tura
278 1592 409 1651 recessit
444 1593 585 1663 Putamus
601 1610 671 1653 vero
685 1590 811 1651 audacia
823 1610 890 1655 esse
903 1592 990 1653 haece
1012 1594 1051 1673 (ι.
1068 1592 1196 1672 Κτητιρ.
1207 1607 1230 1669 9.
1244 1593 1303 1672 ρξ’.

196 1682 289 1758 med.)
309 1680 447 1761 διώμνυτο
466 1682 711 1759 (Demosthenes)
728 1686 781 1753 τὴν
798 1680 941 1755 Ἀθηνᾶν,
962 1691 1009 1758 ἣν,
1029 1689 1070 1752 ὥς
1091 1684 1174 1758 ἔοικε,
1190 1684 1305 1757 Φειδίας

195 1773 403 1855 ἐνεργολαβεῖν
416 1775 570 1857 εἰργάσατο
582 1777 629 1835 καί
640 1774 807 1855 ἐνεπιορκεῖν
817 1774 1007 1855 Δημοσθένει,
1019 1775 1039 1849 ἦ
1050 1781 1119 1857 μὴν,
1133 1778 1161 1837 εί
1179 1779 1305 1859 τις-ἒρεῖ,

196 1872 234 1937 ὂς
247 1874 305 1949 χρὴ
317 1868 388 1948 πρὸς
398 1866 542 1929 Φίλιππον
555 1869 669 1948 sipisim«
683 1865 872 1944 ποιήσασθαι,
885 1870 1004 1943 ‹tr-iius
1016 1873 1059 1937 cic
1071 1870 1104 1930 τὸ
1116 1868 1305 1952 δεσμωτήριον

192 1958 403 2041 ἐπιλαβόμενος
417 1970 472 2023 τῶν
485 1971 600 2043 τριχῶν.
640 1960 718 2021 Cum
732 1960 812 2021 enim
824 1959 900 2022 dicit
919 1961 1056 2024 Phiditm
1074 1962 1239 2025 Minervam
1260 1965 1305 2027 fe·

195 2055 284 2127 cisse,
298 2065 332 2116 ut
345 2053 561 2116 Demosthenes
582 2074 620 2115 ex
640 2072 677 2113 ea
696 2053 814 2117 luorum
833 2073 942 2133 cupere
961 2065 994 2117 et
1015 2075 1070 2135 per
1083 2076 1149 2118 eum
1168 2059 1303 2137 pejerare

193 2160 307 2228 posset,
326 2148 486 2209 dentatam
508 2155 539 2209 et
559 2148 714 2210 audaeimn
738 2146 853 2226 prodit.
894 2148 1009 2211 Eodem
1034 2150 1136 2223 modo,
1157 2171 1227 2213 eum
1249 2152 1303 2213 Ti·

194 2242 308 2304 marohi
328 2242 482 2304 srsritiam
496 2250 527 2303 et
539 2242 711 2320 peculatum
732 2240 838 2320 carpit,
853 2242 1025 2304 abhorrete
1039 2263 1176 2307 sermone
1189 2244 1304 2326 vulgari

195 2342 228 2398 et
247 2336 409 2401 communi·
427 2343 466 2411 (r.
480 2334 611 2417 Τιμάρχ.
625 2351 651 2413 ᾗ.
664 2334 718 2410 νβ’.
732 2332 799 2410 fin.)
818 2338 967 2407 πολλᾶεις,
991 2336 1099 2413 inquit,
1119 2336 1303 2417 ἐνεθυμήθην

194 2432 247 2501 τὴν
260 2429 395 2511 είιτνχίαν
408 2432 460 2501 τὴν
473 2440 523 2501 τῆς
535 2432 673 2510 ἡμετέρας
687 2431 798 2495 πόλεως
812 2432 886 2487 κατὰ
897 2433 995 2489 πολλοί
1009 2432 1065 2508 μὲν
1077 2432 1125 2489 καί
1138 2431 1231 2501 ἄλλα,
1246 2434 1304 2513 οὔχ

191 2527 295 2593 ἥκιστα
308 2524 339 2583 δὲ
351 2526 398 2583 καί
411 2528 482 2585 κατὰ
492 2532 591 2597 ταῦτα,
603 2522 647 2585 δτι
661 2526 720 2583 κατ’
731 2521 856 2591 ἐκείνους
868 2521 934 2591 τοία
945 2525 1069 2605 χρόνους
1080 2524 1173 2593 οὐδεὶς
1185 2527 1304 2602 ἐγένετο

193 2626 246 2687 τῆς
258 2616 399 2695 Ἀνδρίων
411 2620 521 2687 attice
534 2618 634 2695 <cujus
647 2619 792 2680 habuerat
806 2618 964 2697 imperium
977 2618 1170 2698 Timarchus)
1187 2624 1305 2694 ὀνητής.

193 2706 273 2769 Nam
287 2711 422 2788 εὐτυχίας
435 2719 467 2771 et
480 2716 589 2782 ὠνητοῦ
602 2713 660 2773 hoo
674 2712 742 2771 ioco
757 2712 940 2774 mentionem
961 2710 1072 2783 faeere,
1087 2711 1224 2773 audacio.
1258 2714 1305 2774 Si·

193 2800 302 2861 militer
320 2801 351 2859 in
363 2800 460 2861 verbis
474 2802 572 2865 nodas
587 2812 642 2875 est,
661 2812 694 2864 ut
710 2802 742 2864 in
755 2804 828 2866 iilos
852 2808 892 2879 (κ.
911 2808 1036 2884 limoso.
1048 2804 1073 2867 t.
1086 2803 1145 2880 od.)
1156 2803 1304 2887 διοτετμη·

193 2896 249 2961 πὸς
266 2896 319 2964 τὴν
335 2895 494 2967 πολιτείαν,
514 2905 546 2956 et
565 2901 605 2974 (r.
619 2896 748 2979 Τιμίρχ.
766 2903 791 2971 5.
805 2896 868 2975 ιδ’.)
889 2900 923 2956 oir
945 2899 1036 2977 μόνον
1056 2900 1215 2981 κατέφαγεν
1237 2906 1304 2978 (τὴν

193 2986 330 3066 πατρᾴαν
343 2990 465 3064 otiatur),
480 2992 557 3063 ἀλλ’,
570 2992 593 3049 εί
606 2987 667 3052 οἷόν
676 2992 701 3052 τ’
714 2994 814 3063 εἰπεῖν,
828 2992 874 3049 καί
886 2997 1030 3052 κατέπιεν.
1051 2991 1195 3053 Seddaiia
1206 2994 1302 3056 διανο·

191 3080 291 3155 ἤματα
305 3083 427 3159 σκληρὰ,
442 3078 565 3155 αὐθάδη,
583 3080 751 3162 παράβολα,
770 3082 1079 3165 παρακεκινδυνευμένα
1093 3094 1176 3146 recte
1194 3086 1302 3165 proeci-

191 3170 279 3249 piuut
291 3172 425 3234 rhetores
440 3172 616 3251 θεραπείαις,
635 3181 829 3258 παραμυθίοις
842 3185 872 3238 et
886 3178 1075 3258 μειλίγμαοιν
1093 3178 1240 3254 emollire,
1254 3188 1298 3250 et,

194 3273 228 3324 ut
245 3264 293 3327 ille
307 3267 379 3327 tatis
392 3267 536 3329 audacter
549 3267 602 3343 sit,
615 3266 675 3329 οίον
690 3272 828 3350 ἁλμυρὰν
841 3273 929 3343 ἀκοὴν
952 3268 1172 3331 α’ποκλῦαααθαι
1189 3277 1301 3353 ποτίμρ

193 3359 282 3439 λόγῳ.
325 3360 404 3421 Huic
418 3360 476 3441 legi
495 3362 711 3441 obtemperavit
724 3362 885 3425 AEsehioes
903 3363 1043 3425 addendo
1064 3364 1161 3443 primo
1174 3364 1207 3424 in
1221 3364 1300 3440 Ιοοο,

192 3454 232 3521 ὥς
244 3455 343 3533 ἔοικεν,
358 3462 390 3515 ei
403 3454 509 3517 ultimo
524 3454 557 3517 in
568 3456 647 3527 luco,
661 3462 686 3519 εί
700 3454 762 3519 οίίν
776 3461 800 3517 τ’
813 3462 913 3521 εἰπεῖν.

605 3675 769 3743 SEGT.
808 3676 881 3743 XI.

616 3812 666 3873 De
686 3810 874 3873 redemtio.

233 3926 296 3996 Qui
308 3928 529 4007 persuaderem
539 3937 570 3990 at
580 3928 734 3991 victoriam
743 3928 825 3989 omui
836 3927 927 3990 modo
935 3929 1061 4009 appetit,
1068 3930 1122 4011 qui
1133 3929 1300 3993 auditorem

192 4036 252 4080 non
266 4030 382 4082 tautum
396 4021 496 4093 docet,
512 4020 682 4085 sed'aecum
696 4023 775 4103 rapit
793 4032 826 4083 et
844 4022 952 4097 aufert,
965 4020 1056 4085 rebus
1074 4020 1195 4103 pondus
1213 4022 1301 4085 addit

191 4120 225 4171 et
236 4121 335 4190 auget,
350 4132 433 4174 reum
448 4112 581 4192 nudique
597 4122 682 4192 urget
695 4125 726 4174 et
739 4116 840 4189 instat,
855 4134 924 4194 quse
944 4114 972 4175 ei
994 4123 1065 4175 sunt
1083 4114 1299 4195 impedimento

190 4204 273 4265 tollit
285 4217 317 4265 et
329 4206 446 4277 evertit,
463 4207 487 4266 is
502 4216 602 4269 orator
612 4226 679 4267 vere
691 4209 849 4268 vehemens
862 4209 998 4268 habetur.
1041 4208 1101 4269 Hic
1115 4208 1300 4269 esententiis

190 4296 363 4376 eiigeteas,
385 4319 454 4378 quae
474 4298 512 4359 od
533 4301 766 4361 commovendos
788 4301 942 4362 homiuum
964 4299 1078 4361 animos
1102 4299 1162 4360 vim
1187 4301 1300 4361 habent

190 4390 359 4465 morium,
374 4391 522 4455 auditores
537 4393 567 4453 in
577 4393 673 4453 aliena
684 4414 775 4457 causa
786 4394 887 4469 faciet,
898 4404 932 4455 nt
945 4393 1086 4473 tineent,
1094 4410 1197 4453 eorum
1207 4392 1299 4453 vitum

191 4480 360 4563 omenque
374 4484 506 4549 adducet
520 4487 549 4547 in
563 4487 732 4559 discrimen,
747 4487 787 4549 de
799 4488 928 4551 fortunis
940 4495 973 4549 et
986 4484 1082 4545 sainte
1096 4495 1129 4545 et
1142 4484 1232 4545 rebus
1247 4501 1297 4542 ea·
1358 4532 1361 4537 .
