3050 4909
461 360 524 426 uu
546 358 761 427 msouruu
783 356 1012 425 oauroaa.
1109 301 1114 312 ¹
1211 354 1283 459 ura

185 520 271 581 nibus
291 538 359 581 cun
378 518 547 581 adversario
564 520 771 601 potentissimo
789 520 966 596 decertaret,
981 515 1180 580 innocentiam
1199 534 1280 577 snam

184 621 318 685 testatur,
333 613 541 674 Demosthenis
552 614 762 693 malignitatem
776 622 806 673 et
819 612 1046 674 fraudulentiam
1061 611 1241 687 criminatur,
1254 611 1283 669 ei

184 704 320 766 invidiam
341 706 461 778 condat,
481 727 535 766 sua
555 706 584 767 in
605 706 817 785 rempublicam
832 705 984 777 beneficia,
1006 705 1236 765 benevolentiam
1252 711 1283 764 et

185 798 415 858 moderationem
431 798 563 859 modeste
576 808 799 869 commemorat,
821 808 971 878 patronos,
997 796 1217 859 honestissimos
1239 795 1282 854 ai·

185 908 247 968 ros,
270 890 409 963 advocat,
433 892 651 969 deprecatores,
675 900 828 968 parentem
859 909 968 962 senem,
991 890 1097 951 t‘ratres
1118 888 1228 949 meritis
1252 887 1284 948 iu

186 982 398 1061 rempublicam
409 983 516 1055 claros,
531 991 590 1043 tres
602 983 722 1055 liberos,
736 991 825 1043 astate
835 982 981 1055 innoxios,
990 981 1123 1059 periculo
1133 980 1226 1061 patris
1238 979 1284 1039 iu·

185 1072 286 1135 felices
300 1084 331 1135 et
344 1075 525 1135 miserandos
538 1076 568 1135 in
582 1085 775 1157 conspectum
785 1074 920 1152 judicum
933 1074 1068 1147 adducit,
1088 1094 1119 1135 se
1138 1075 1233 1152 ipsum
1252 1073 1285 1133 in

187 1174 270 1229 tanta
284 1169 451 1229 calamitate
466 1169 691 1249 imperterritum
713 1170 855 1242 ostendit,
874 1168 941 1248 plus
961 1169 1000 1228 de
1020 1167 1098 1227 fama
1118 1176 1149 1227 et
1169 1166 1285 1229 miseria

187 1280 315 1334 suornm,
331 1277 418 1341 quam
434 1262 472 1323 de
494 1271 587 1323 morte
602 1262 753 1335 sollicitus,
763 1261 917 1339 judicibus
938 1272 969 1322 et
988 1261 1115 1339 legibus,
1137 1270 1170 1320 ut
1190 1260 1286 1321 virosa

186 1352 291 1414 l'ortem
315 1364 347 1414 et
371 1354 524 1414 honestum
547 1348 647 1427 ilecet,
662 1354 751 1415 vitam
775 1362 807 1414 et
828 1355 952 1415 salutem
975 1374 1092 1414 omnem
1117 1354 1286 1415 committit.

185 1446 221 1506 lu
243 1445 301 1508 fine
325 1448 465 1507 orationis
488 1456 593 1509 contra
617 1448 853 1526 Ctesiphontem,
869 1446 1040 1508 violatarum
1061 1448 1157 1526 legum
1172 1446 1285 1507 crimen

186 1548 284 1617 auget,
304 1540 534 1601 Demosthenem
557 1540 743 1619 reliquosque
764 1549 905 1619 patronos
927 1539 1033 1617 rejicit,
1048 1558 1066 1600 a
1080 1540 1284 1620 Ctesiphonte,

187 1642 221 1693 ut
233 1633 296 1711 ipse
309 1652 364 1711 pro
378 1630 523 1704 sedicet,
543 1632 682 1712 postulat,
704 1633 823 1693 modurn
843 1631 1020 1694 defemionis
1041 1632 1216 1712 praescribit,
1233 1632 1285 1712 jn·

186 1722 279 1795 dices,
296 1734 328 1785 ut
341 1724 399 1785 sint
413 1724 507 1785 uereri
520 1734 550 1786 et
560 1724 617 1785 eibi
631 1744 648 1784 a
660 1724 762 1785 fraude
777 1724 1007 1787 adversariorum
1028 1734 1161 1803 caveant,
1183 1726 1288 1787 hortas

186 1826 247 1887 tur,
261 1815 405 1889 Solonem,
420 1816 591 1888 Aristidem,
611 1817 853 1889 Themistoclem,
875 1817 899 1876 si
918 1836 1007 1885 aurea
1027 1836 1139 1878 corona
1157 1817 1287 1894 donetur

175 1910 416 1981 'Demosthenes,
431 1907 632 1987 indignaturos
647 1928 785 1989 cegrcque
799 1909 908 1970 laturos
922 1928 985 1971 esse
1005 1909 1107 1983 (locet,
1127 1910 1158 1971 in
1177 1930 1289 1991 campo

189 2001 379 2063 Marathonio
388 2010 419 2061 et
436 2000 474 2059 ad
487 2000 613 2061 Plataeas
627 2020 772 2062 corsorum
785 2020 842 2081 pro
855 2001 950 2081 patria
969 2021 1078 2075 manes,
1091 2010 1122 2077 et
1143 2002 1289 2079 majorum
1389 2068 1394 2093 Ι

190 2094 327 2172 sepulcra
350 2093 495 2170 ejulatum
521 2112 685 2173 vocemque
705 2104 809 2155 contra
830 2094 1058 2157 Demosthenem
1079 2094 1222 2157 emissura
1241 2096 1286 2157 in·

187 2185 407 2267 dignabundam
422 2193 452 2245 et
467 2184 594 2245 flebilem
608 2193 742 2258 testatur,
757 2195 788 2246 et
798 2186 828 2246 in
843 2186 907 2265 ejus
918 2186 1193 2249 condemnationem
1203 2186 1289 2261 deos,

188 2280 271 2350 deas,
286 2280 447 2339 universam
468 2288 603 2337 naturam
626 2278 765 2355 appellat.
807 2278 887 2358 Ergo
908 2281 996 2339 etiam
1018 2280 1048 2340 in
1068 2280 1125 2341 hac
1146 2280 1290 2341 orationis

188 2381 273 2453 parte
287 2390 408 2452 magnus
422 2379 452 2431 et
466 2368 629 2451 probabilis
642 2379 743 2430 orator
755 2368 924 2431 AEschines.

589 2586 744 2655 SEGT.
776 2585 885 2705 Vlll.

650 2734 816 2797 Conclusio.

229 2867 295 2927 Jam
309 2886 386 2945 opus¹
398 2874 443 2927 est
456 2862 582 2941 disjecta
594 2864 725 2926 membra
739 2873 770 2926 ct
783 2864 905 2927 seorsim
915 2873 1050 2947 spectata
1068 2864 1098 2926 in
1113 2884 1203 2925 unum
1222 2883 1289 2926 cor·

188 2979 246 3041 pus
257 2959 396 3039 colligere
407 2968 437 3019 et
448 2958 600 3037 imaginem
614 2960 777 3037 exprimere
791 2958 966 3037 eloquentiae
974 2958 1131 3018 AEschinis.
1171 2956 1290 3041 Perspi-

189 3072 263 3113 ouus
275 3052 362 3132 igitur
374 3063 407 3113 et
419 3052 560 3113 facilitate
576 3050 835 3133 concipiendarum
850 3052 1008 3131 imaginum
1022 3051 1152 3124 evidens,
1172 3062 1290 3112 senteu-

191 3148 240 3208 tiis
260 3157 291 3207 et
311 3149 463 3209 verborum
485 3146 615 3227 ponde-re
636 3146 779 3220 sublimis,
792 3146 895 3225 gravis,
909 3146 1045 3217 acerbus,
1060 3145 1226 3226 vehemens,
1239 3166 1291 3206 ra·

190 3240 295 3301 rietate
315 3242 464 3319 copiosus,
479 3238 609 3313 ornatus,
623 3241 765 3300 tenuitate
778 3227 912 3318 simplex,
923 3240 1063 3299 orationis
1076 3239 1233 3299 festivitate
1246 3236 1290 3298 sa·

190 3341 284 3403 cetus,
302 3332 465 3409 jucundus,
487 3332 700 3412 compositione
724 3332 808 3403 lenis,
830 3330 931 3410 figuris
951 3332 1058 3404 verius,
1080 3332 1288 3392 sententiarum

189 3426 320 3487 novitate
333 3426 439 3496 audax,
452 3427 482 3487 in
496 3425 670 3486 inveniendo
690 3424 837 3503 locuples,
857 3424 889 3483 io
909 3423 1026 3485 delectu
1046 3434 1078 3485 et
1097 3422 1200 3483 ordine
1219 3440 1290 3501 prn-

191 3518 277 3591 dens,
299 3539 394 3580 rerum
409 3540 462 3580 usu
476 3519 612 3593 callidus,
625 3518 753 3585 moribus
768 3517 905 3577 notandis
919 3516 1094 3595 probabilis,
1110 3515 1137 3574 vi
1151 3522 1187 3574 et
1201 3515 1290 3595 copia

190 3622 425 3690 argumentorum
445 3622 475 3672 et
487 3610 643 3673 aflectibus
657 3610 695 3670 ad
708 3608 938 3679 commovendos
950 3608 1099 3668 homiuum
1111 3606 1224 3668 animoa
1244 3607 1291 3668 in·

190 3712 321 3765 structus
332 3714 363 3775 et
376 3714 505 3784 paratus.
547 3705 640 3764 Recte
651 3722 729 3783 ergo,
745 3712 778 3763 ut
792 3701 916 3773 videtur,
933 3698 1091 3780 Dionysius
1102 3700 1291 3763 llalioarnas·

190 3796 285 3856 nnsis
300 3796 467 3858 AEschinem
480 3798 556 3859 inter
569 3794 717 3876 principes
729 3802 861 3855 oratores
875 3792 1047 3863 numeravit,
