3050 4909
472 340 536 406 DE
558 338 773 406 AESOHINE
796 339 1027 408 ORATORE.
1244 343 1300 408 xxi
1401 344 1407 357 ‘

201 510 260 581 τερ.
280 510 304 579 ς.
324 500 367 572 td.
382 498 447 576 fin.)
459 518 515 559 nec
535 500 675 573 Miltiadi,
691 521 746 560 nec
759 500 966 573 Themistocli,
988 522 1044 561 nec
1060 500 1183 561 Aristidi
1204 502 1304 562 sliisve

200 592 287 653 claris
300 593 399 652 virisa
421 593 583 671 majoribus
601 594 641 652 ob
662 594 798 654 virtutem
820 603 851 654 et
873 592 1020 654 beneficis
1040 594 1070 653 iu
1091 594 1303 674 rempublicam

201 684 352 745 decretam
367 704 430 745 esse
444 705 563 746 auream
577 704 725 745 coronam.
766 686 857 758 Tarm,
873 706 928 747 cur
939 686 969 746 id
980 706 1040 746 non
1051 686 1089 745 sit
1105 686 1225 757 lactum,
1237 706 1305 747 sen·

203 778 293 838 tentis
304 778 422 838 sublimi
436 787 465 837 et
476 778 566 856 digna
578 779 710 839 sensibus
720 779 868 857 factisque
882 780 997 838 illorum
1008 780 1134 837 virorum
1147 779 1187 838 its
1199 779 1303 837 docet:

96 912 98 917 .
201 875 236 929 οίι
257 861 315 951 γὰρ
328 870 416 951 ᾤοντο
435 870 492 929 δεῖν
513 872 545 929 έν
557 878 618 937 τοῖς
633 871 785 952 γράμματι
796 876 942 951 τιμᾶσθαι,
958 874 1024 930 ἀλλ’
1037 877 1069 929 ἐν
1083 874 1119 951 τῇ
1138 874 1237 954 μνήμη
1249 880 1305 931 τῶν

201 962 233 1023 εὖ
246 966 406 1033 παθόντων,
426 968 444 1034 ή
461 964 510 1021 ἀπ’
523 963 628 1023 ἐκείνου
646 970 695 1024 τοῦ
718 966 827 1043 χρόνου
840 970 927 1044 μέχρι
939 963 1020 1034 solede
1039 977 1089 1034 τής
1108 966 1214 1043 ήμέρας
1234 964 1304 1023 ἀθά·

203 1080 288 1124 νατος
301 1054 375 1115 οὖσα
388 1055 521 1134 διαμένει.

645 1237 775 1304 SEGT.
799 1237 864 1303 lv.

597 1396 648 1457 Dc
662 1398 747 1477 copia
762 1394 917 1457 orationis.

243 1537 291 1596 De
306 1536 393 1617 copia
406 1524 559 1609 orationis,
575 1558 643 1617 quse
658 1547 688 1599 et
707 1538 861 1598 verborum
882 1544 1092 1607 cutenorum,
1104 1538 1168 1614 jans
1187 1556 1305 1617 sepers-

203 1629 256 1689 tim
279 1628 399 1689 videtur
420 1630 578 1707 agendum.
614 1630 674 1691 Sed
697 1630 854 1690 verborum
876 1629 965 1708 copia
987 1650 1005 1689 ε
1029 1630 1146 1690 duobus
1174 1629 1305 1690 tontibus

203 1730 369 1802 promanat,
388 1722 529 1783 varietate
553 1731 584 1783 et
607 1722 788 1783 dilatatione.
829 1722 874 1781 Er
894 1722 1035 1783 varietate
1060 1722 1217 1782 verborum
1242 1731 1305 1783 turn

203 1814 312 1886 existit,
334 1832 402 1873 eum
425 1814 527 1873 eadem
551 1834 597 1875 res
622 1815 755 1894 pluribus
782 1813 880 1874 verbis
905 1812 1096 1893 significatur.
1138 1815 1186 1875 Fit
1205 1824 1304 1876 autem

203 1908 272 1978 lroc,
285 1907 332 1967 rel
341 1906 438 1967 verbis
450 1908 619 1988 synonymis
630 1906 785 1987 ponendis,
795 1916 828 1966 ut
838 1906 895 1967 hoc
905 1907 935 1967 in
946 1908 1031 1968 loco:
1047 1912 1089 1985 (κ.
1101 1907 1223 1990 Κτητιρ.
1238 1916 1263 1986 5.
1273 1906 1307 1969 a.

203 2006 272 2079 posi
286 1998 375 2073 med.)
388 2002 541 2060 α’νειίθυνον
555 2000 584 2060 δέ
603 2002 649 2059 καί
668 2002 805 2072 ἀζήτητον
818 2000 864 2057 καί
876 2001 1061 2072 ἀνεξέταστον
1077 1999 1157 2060 οὐδέν
1171 2001 1231 2060 έστι
1250 2011 1307 2061 τῶν

202 2094 234 2152 έν
247 2096 283 2175 τῇ
296 2094 388 2154 πόλει.
403 2093 459 2163 τεί,
480 2093 505 2151 si
524 2094 652 2172 propriis
670 2093 834 2171 jungantur
853 2092 993 2152 translata
1013 2096 1050 2168 (κ.
1065 2092 1194 2174 Τιμάρχ.
1208 2105 1233 2173 ς.
1253 2096 1307 2169 κέ.)

201 2186 278 2265 δμιῑς
292 2208 321 2245 τε
335 2184 495 2266 βουλοίμην
516 2188 553 2246 ἃν
571 2190 701 2258 ἀκοῦσαι,
717 2184 760 2253 οίς
780 2186 837 2262 έγδι
851 2190 948 2265 μέλλω
965 2189 1070 2261 λέγειν,
1090 2190 1137 2244 καί
1157 2191 1308 2267 προσέχειν

201 2281 252 2341 τὸν
279 2286 348 2341 νοῦν
372 2282 416 2338 καί
440 2278 665 2359 παρακολουθεῖν
691 2283 827 2359 είνμαθῶς.
872 2279 1019 2338 Dilatatur
1042 2297 1130 2356 porro
1156 2280 1260 2349 oratio,
1283 2280 1308 2339 si

202 2372 305 2433 eadem
319 2372 402 2432 notio
413 2388 467 2451 per
480 2381 579 2451 partes
593 2373 778 2451 proponitur,
790 2372 814 2430 si
827 2389 881 2449 pro
898 2372 1015 2430 nornine
1030 2372 1150 2448 ponitur
1163 2370 1319 2442 definitio,

182 2541 186 2547 ‚
203 2465 229 2525 si
244 2483 336 2543 genus
349 2473 378 2524 ct
393 2466 506 2543 species
515 2464 692 2543 junguntur,
703 2464 727 2523 si
742 2462 849 2523 aiendo
860 2462 1056 2540 negandoque
1067 2462 1219 2522 docemus.
1252 2463 1309 2523 Per

203 2568 302 2636 partes
317 2556 455 2617 tractavit
469 2557 620 2617 notionem
636 2555 752 2616 honesti
765 2555 818 2615 viri
834 2556 892 2614 hoc
904 2554 993 2614 modo
1004 2574 1012 2614 ε
1025 2558 1061 2629 (κ.
1072 2554 1200 2639 Τιμόρχ.
1212 2564 1237 2632 ς.
1248 2555 1310 2631 κε’.)

204 2650 275 2722 αὕτη
287 2654 345 2727 μέν
357 2649 445 2723 ἐστιν,
458 2644 480 2709 d
492 2650 634 2730 Τίμαρχε,
645 2652 791 2725 ἀπολογία
802 2647 906 2728 ἀνδρὸς
919 2646 1034 2723 ἀγαθοῦ
1049 2650 1095 2706 καί
1108 2650 1252 2729 σάρρονος
1264 2652 1311 2707 καί

203 2744 419 2826 πεπιστευκότος
433 2746 471 2823 τῷ
484 2740 539 2822 βίρ
547 2745 594 2801 καί
607 2752 848 2823 καταφρονοῦντος
862 2740 1098 2813 είκότωςάπάοης
1108 2738 1308 2820 βλασφημίας.

207 2836 264 2895 Pro
285 2834 413 2903 κολάζετε
430 2836 495 2901 τοὺς
513 2842 749 2914 παρανομοῦντας
772 2841 802 2892 et
822 2833 890 2893 loco
910 2833 995 2892 unius
1017 2834 1099 2893 verbi
1118 2834 1308 2894 democratia

205 2926 446 2989 commemoravit
460 2937 577 3005 partes:
592 2930 629 3001 (κ.
643 2926 766 3008 Κτησιφ.
784 2936 808 3004 5.
822 2926 868 3003 δ’.)
882 2931 970 2996 λάετε,
984 2922 1177 3003 ιάἈθηναῖοι,
1192 2931 1243 2995 τὰς
1256 2951 1310 2986 πα·

204 3024 346 3101 ρανόμους
362 3024 490 3101 γνώμας,
506 3018 658 3094 βεβαιοῦτε
677 3025 711 3105 τῇ
726 3024 809 3079 πόλει
822 3022 874 3090 τὴν
887 3019 1085 3099 δημοκρατίαν,
1099 3021 1229 3089 κολάζετε
1243 3022 1309 3088 τοδς

207 3118 381 3181 ὑπεναντίως
394 3118 432 3195 esi
448 3117 522 3193 νόμρ
535 3116 627 3199 καὶτῇ
645 3116 727 3171 πόλει
744 3116 790 3171 καί
806 3118 844 3193 τῷ
859 3116 1027 3191 συμφέροντι
1043 3116 1081 3192 τᾷ
1095 3114 1216 3193 δμετέρρ
1229 3119 1309 3173 πολι·

208 3208 383 3288 τευομένους.
426 3204 560 3265 Gloriam
574 3213 606 3265 et
627 3204 760 3284 pericula
773 3204 858 3263 'adire
877 3203 920 3262 sic
934 3203 1112 3280 descripsit:
1133 3208 1169 3279 (κ.
1183 3205 1307 3286 Κτησιρ.

207 3302 232 3371 d.
243 3300 289 3375 ξ’.)
303 3306 355 3360 νῦν
369 3298 397 3357 δέ
411 3295 491 3377 οἶμαι
505 3296 550 3356 διὰ
563 3297 594 3356 τδ
609 3298 730 3360 σπάνιον
743 3298 834 3356 καὶτὸ
847 3302 1040 3377 περιμάχητον
1055 3298 1102 3353 καί
1113 3296 1145 3354 nl
1160 3297 1249 3355 καλὸν
1263 3300 1309 3354 καί

206 3394 238 3453 τὸ
253 3392 424 3471 ἀείμνηστον
435 3392 467 3449 έκ
479 3398 528 3461 τῆς
542 3389 619 3463 νίκης
632 3388 764 3449 άδέλουσί
776 3412 851 3456 τινες
864 3392 900 3449 τά
914 3391 1033 3469 σάματα
1046 3386 1309 3467 παρακαταθέμενοι

209 3487 255 3543 καὶ
276 3488 332 3552 τάς
355 3489 495 3564 μεγίστας
520 3488 716 3563 ταλαιπωρίας
737 3484 940 3562 ὑπομείναντες
960 3480 1184 3541 διακινδυνεύειν.
1226 3480 1308 3540 Loco

209 3575 431 3656 ἐπιτηδευμάτων
450 3574 527 3648 dixit
552 3572 630 3649 βίον,
654 3577 755 3649 λόγον,
778 3580 900 3654 πράξεις.
922 3578 960 3654 τῷ
984 3572 1090 3646 ἀληθεῖ
1114 3569 1252 3648 adjunxit
1276 3572 1308 3632 τδ

209 3669 341 3747 α’ψενδές,
362 3676 394 3729 et
414 3676 454 3749 τῷ
477 3669 602 3746 έναργεί,
622 3668 655 3729 τό
676 3672 709 3727 ol
730 3672 944 3748 πεπλασμένον,
966 3675 998 3726 ct
1019 3666 1096 3725 hunc
1118 3666 1307 3728 sententiam:

210 3762 298 3822 Fama
318 3760 471 3821 hominum
488 3759 566 3820 sacta
581 3759 723 3829 celebrat,
737 3760 888 3839 eleganter
904 3768 936 3819 et
954 3758 1076 3838 copiose
1098 3758 1192 3818 tribus
1214 3759 1308 3819 modis

208 3852 370 3932 expressit:
385 3857 422 3926 (κ.
434 3850 564 3933 Τιμάρχ.
577 3862 602 3931 ά.
617 3852 679 3927 κζ’)
692 3856 753 3933 περὶ
775 3851 804 3912 δέ
817 3852 866 3911 τὸν
879 3862 936 3911 τῶν
949 3848 1108 3930 ἀνδρίιπων
1120 3850 1189 3926 βίον
1202 3854 1248 3910 καὶ
1261 3856 1323 3932 λό-Ι

209 3970 265 4022 γον
279 3947 325 4003 καί
338 3948 392 4011 τιίς
402 3938 515 4023 πράξεις
529 3946 635 4017 ἀληθής
649 3968 678 4005 τε
698 3946 743 4004 καί
757 3941 882 4021 ἀψευδής
899 3968 943 4011 τις
963 3944 1021 4003 ἀπὸ
1039 3944 1217 4022 ταυτομάτου
1234 3950 1309 4003 πλα-

209 4046 293 4099 νάται
305 4040 382 4119 φήμη
396 4043 469 4095 κατα
481 4040 534 4108 τήν
547 4041 632 4097 πόλιν
642 4040 687 4096 καί
697 4038 864 4113 διαγγέλλει
879 4044 939 4104 τοῖς
951 4040 1072 4103 πολλοῖς
1084 4040 1137 4103 τὰς
1152 4035 1225 4103 ίδίας
1238 4038 1310 4117 πρά·

206 4136 273 4204 ξεις,
287 4132 386 4189 πολλά
399 4128 429 4189 δὲ
448 4134 494 4188 καί
508 4128 677 4205 μαντεόεται
690 4130 753 4208 περὶ
767 4140 823 4189 τῶν
835 4130 1003 4209 μελλόντων
1015 4126 1143 4200 ἔσεσθαι,
1159 4131 1206 4187 καί
1223 4132 1309 4199 οότως

206 4218 330 4301 έναργίς
349 4222 409 4281 ἐστι
428 4224 474 4281 καί
492 4225 525 4282 ol·
546 4220 758 4303 πεπλασμένον,
777 4224 794 4281 δ
811 4226 888 4298 λέγω
902 4231 961 4282 etc.
975 4241 1077 4282 rursus
1097 4222 1309 4301 turpitudinen

206 4314 360 4375 Timarchi
371 4312 413 4373 its
425 4315 510 4388 texit,
522 4324 555 4374 ut
569 4334 624 4394 pro
638 4314 812 4393 flagitiorum
824 4315 944 4374 nomine
954 4323 1080 4394 poneret
1091 4312 1308 4376 definitionem:
1339 4388 1343 4395 Ι

206 4410 245 4485 (κ.
256 4406 384 4487 Τιμάρχ.
395 4416 421 4487 §-
431 4406 474 4485 ά.)
488 4406 567 4475 sitne
578 4406 607 4467 δέ
623 4408 709 4469 ιιίιτδν
721 4406 823 4487 ἐ’νοχον
836 4407 916 4479 ὄντα,
927 4405 971 4475 οίς
984 4409 1074 4489 ὄλίγρ
1088 4410 1219 4485 πρότερον
1231 4408 1310 4478 ήκοά-

212 4522 282 4561 σατι
295 4501 542 4576 άναγινάσκυντος
556 4506 605 4561 τοῦ
618 4504 818 4581 γραμματέως.
860 4500 947 4579 item,
962 4518 1030 4561 cum
1046 4498 1252 4560 Demosthenis
1267 4498 1311 4558 in·
