3050 4909
482 294 545 363 DE
566 290 782 363 AESOHINE
803 292 1033 360 ORATORE.
1228 291 1307 356 mi

632 530 761 597 SEGT.
785 530 891 597 XIV.

410 674 461 737 De
475 677 639 739 virtutibus
652 678 836 755 elocutionis,
851 700 924 759 quus
937 699 997 740 uosr
1010 678 1107 739 dedet.

247 802 445 879 Πιθανότητα,
458 804 610 881 ἀλήθειαν,
623 816 653 869 et
666 809 697 869 τὸ
712 807 890 876 πεποιθότως
902 814 997 869 εἰπεῖν
1016 808 1121 868 merito
1134 807 1165 867 iu
1180 806 1309 869 mulmis

204 895 365 959 virtutibus
380 899 491 960 hubent
504 900 647 961 rhetores.
689 902 809 961 Hsrum'
822 910 919 960 sutem
932 903 1071 961 virtutum
1085 900 1192 978 erigus
1205 899 1268 961 isus
1281 901 1311 961 ei

205 987 297 1049 tribui
311 1000 421 1070 potest.
462 993 530 1053 Nec
544 1002 643 1052 tomen
657 992 714 1053 hoo
727 993 757 1053 in
773 992 941 1053 uuiversum
960 993 1094 1054 dixerim.
1136 992 1218 1054 lnirs
1230 994 1310 1054 enim

204 1081 270 1160 ipse
284 1102 351 1143 eum
366 1084 552 1163 probnbilem
566 1106 629 1147 esse
642 1085 741 1147 docui.
786 1085 846 1147 Sed
858 1086 929 1145 dum
943 1086 1054 1164 ubique
1064 1085 1126 1147 fere
1140 1085 1310 1158 urtiiieiose,

205 1174 312 1237 callide
326 1184 359 1237 et
369 1177 494 1239 subdole
508 1187 630 1257 pugnat,
641 1178 711 1239 dum
720 1198 840 1243 ouumm
854 1180 935 1239 omni
947 1180 1038 1239 modo
1047 1178 1191 1256 sdjuvsre
1201 1179 1311 1252 studet,

205 1266 278 1328 dum
293 1268 446 1332 leuitatem
460 1280 492 1332 et
505 1272 757 1333 mansuetudinem
769 1283 872 1352 operte
883 1272 969 1333 nimis
982 1292 1045 1351 pres
1059 1292 1091 1333 se
1101 1272 1169 1343 sert,
1178 1271 1235 1333 eibi
1248 1276 1311 1349 ipse

195 1360 342 1433 ‚diffidere
354 1362 483 1438 ridetur,
495 1373 587 1425 urtem
601 1366 713 1445 prodit,
728 1364 818 1427 fidem
837 1365 974 1444 impedit,
989 1366 1209 1445 persuasionem
1222 1363 1311 1425 sortis.

197 1452 268 1525 ,Qui
281 1454 360 1515 euim
375 1456 473 1535 Lysim
488 1458 636 1519 orationes
653 1459 736 1536 legit,
754 1457 956 1519 sdverssn‘um
976 1458 1077 1520 stutirn
1095 1457 1212 1534 judiest
1230 1456 1312 1517 muli·

204 1566 296 1625 gnum
308 1557 338 1609 et
352 1549 530 1630 improbum,
541 1550 666 1613 dicentis
680 1551 862 1631 probitatem
876 1551 988 1622 lsudut,
1003 1549 1204 1611 innocentium
1217 1549 1310 1620 dolet,

204 1657 325 1701 cuumm
337 1660 434 1703 verum
450 1652 546 1721 putot.
587 1644 638 1714 As,
652 1644 704 1723 qui
716 1644 886 1705 AEsoiriuem
899 1642 993 1717 uudit,
1005 1642 1148 1703 orationis
1162 1642 1250 1720 oopiu
1259 1640 1312 1703 oo

204 1732 309 1809 ruitur,
322 1743 385 1795 urte
407 1755 439 1796 se
460 1734 616 1815 deceptum
636 1738 730 1811 dolet,
746 1736 897 1797 leuitatem
916 1736 1011 1808 timet,
1029 1743 1267 1815 argumentorum
1280 1734 1311 1793 ri

202 1825 340 1888 resistere
354 1828 469 1906 nequit,
491 1829 642 1891 veritatem
662 1838 693 1891 et
714 1828 900 1897 menducium
915 1828 1020 1889 eodem
1032 1826 1124 1889 modo
1138 1835 1310 1906 suspectum

203 1916 306 1981 hebet.
347 1920 537 1995 Brevitatem,
565 1941 634 2000 quus
657 1921 821 1999 conjunctu
848 1940 916 1981 oum
944 1918 1157 2001 perspicuitate
1183 1919 1310 1980 orstioui

203 2030 341 2091 magnum
355 2014 414 2073 vim
424 2021 456 2073 et
465 2015 639 2075 suavitatem
654 2015 803 2085 conciliet,
814 2013 948 2079 similiter
961 2013 1024 2073 fere
1038 2013 1178 2091 neglexit·
1199 2014 1311 2073 Contrs

197 2104 343 2195 ‚copiosus
358 2112 389 2164 et
402 2107 519 2185 amplus
532 2116 595 2179 est,
604 2116 637 2167 ut
649 2107 800 2167 interdum
815 2106 1031 2168 Demosthenes
1050 2106 1188 2176 torrentis
1209 2103 1309 2176 modo,
1419 2156 1424 2164 ,

204 2197 243 2257 de
258 2206 357 2257 monte
372 2198 495 2269 ruentis,
511 2219 580 2277 quse
594 2200 623 2257 ei
638 2208 705 2259 eunt
714 2197 939 2277 impedimento,
954 2217 1056 2259 seeum
1068 2198 1147 2277 rupit
1157 2207 1189 2257 et
1201 2195 1309 2265 evellit,

198 2291 246 2367 its
260 2290 425 2365 AEschines,
439 2290 513 2351 Nilo
526 2291 638 2365 similis,
652 2291 812 2369 improviso
827 2309 970 2367 uquarum
979 2290 1120 2352 confluxu
1133 2289 1252 2360 erescit,
1264 2288 1310 2349 lit-

203 2392 270 2443 toru
279 2384 410 2455 excedit,
424 2385 512 2463 louge
527 2394 617 2463 utque
631 2383 690 2443 lete
705 2378 927 2443 sensimomnis
941 2382 1075 2443 inundat.

590 2587 982 2695 Punsrr'

668 2787 797 2854 SEGT.
822 2787 852 2852 Ι.

202 2926 423 3009 Argumentum
440 2925 543 3003 portis
565 2920 708 2984 seeundo.
754 2922 804 2983 De
817 2923 994 2996 inventione,
1016 2921 1139 2998 deiectu,
1159 2921 1263 2983 ordisse
1281 2928 1310 2981 et

518 3013 649 3097 ortirioio
665 3016 794 3077 locor-rem
804 3014 999 3096 quorundum,

244 3152 375 3213 Alterum
389 3150 467 3211 huno
481 3156 609 3227 purtem,
624 3166 694 3226 quae
705 3151 906 3228 πραγματικὰς
920 3145 1045 3208 virtutes
1060 3144 1206 3206 AEscirinis
1219 3146 1313 3223 expli·

201 3255 263 3316 ost,
274 3245 318 3305 its
330 3242 550 3322 descripsimus.
591 3242 722 3300 Primum
737 3258 921 3318 exponemus
935 3240 973 3300 de
987 3239 1166 3310 inventione,
1181 3238 1312 3310 deiectu,

200 3339 309 3401 ordine
323 3346 355 3399 et
367 3338 502 3399 locorum
516 3333 701 3413 quorundum
715 3332 852 3403 urtiiieio,
866 3332 998 3393 monndo
1009 3332 1048 3391 de
1063 3330 1206 3391 orationis
1221 3332 1310 3409 purti-

203 3434 271 3505 bus,
291 3430 426 3503 exordio,
445 3427 623 3499 mentione,
643 3426 823 3505 argumentis
837 3435 870 3486 et
882 3425 1081 3505 peroratione,
1095 3421 1227 3500 denique
1239 3442 1311 3483 eon.

201 3525 350 3589 elusionis
361 3524 429 3585 loeo
442 3521 566 3585 formem
581 3520 758 3599 eloquentius
779 3518 931 3581 &odinis
948 3518 1111 3596 exprimere
1126 3515 1309 3577 conabimur·

201 3596 397 3689 inventionis,
412 3624 445 3676 ut
458 3616 574 3694 opinor,
588 3613 657 3674 duae
672 3622 740 3673 suut
753 3613 883 3683 virtutes,
898 3610 986 3689 oopiu
1007 3619 1038 3670 et
1051 3609 1189 3669 facilites.
1232 3610 1310 3670 Num

202 3710 254 3771 ille
274 3710 393 3773 demum
416 3706 583 3769 laudandus
603 3714 659 3780 est,
676 3705 728 3783 qui
750 3704 861 3784 purtim
881 3702 919 3762 ud
940 3722 1028 3762 unum
1050 3720 1113 3761 rem
1136 3699 1310 3763 firmendum

202 3804 296 3883 multo
309 3801 439 3882 reperire
453 3799 563 3879 potuit,
573 3799 681 3879 purtim
695 3816 731 3859 eu
744 3796 945 3877 potissimum,
960 3814 1029 3875 qum
1043 3814 1111 3855 eum
1125 3804 1216 3856 osusu
1228 3804 1310 3855 erote

200 3895 358 3957 noluerent
372 3902 404 3954 et
416 3892 586 3955 auditorum
601 3891 709 3971 cuique
729 3890 818 3952 iucile
830 3890 861 3949 in
875 3878 1004 3949 suentem
1022 3889 1120 3949 venire
1137 3896 1310 3968 potuerunt.

200 3991 269 4053 sam
283 3988 372 4065 eopia
385 3986 562 4049 inventionis
578 3986 619 4046 its
631 3986 708 4045 valer
722 3984 888 4056 AEsohines,
902 3994 1008 4044 utnon
1028 3984 1122 4044 solum
1139 3983 1310 4043 acutissime

201 4080 427 4152 animadvertat,
443 4098 513 4158 quse
528 4077 618 4139 insint
633 4079 663 4138 iu
683 4097 715 4137 re
728 4078 769 4138 sd
787 4077 1006 4156 persussionem
1021 4075 1130 4137 idonee
1146 4084 1178 4135 et
1192 4076 1310 4154 erengi-

200 4175 257 4235 turi
277 4173 394 4253 possint
409 4172 448 4235 sb
466 4182 585 4233 oratore
605 4189 701 4231 rerum
725 4190 782 4229 usu
802 4171 974 4241 ermoimto,
996 4169 1048 4229 ssd
1068 4178 1099 4229 et
1119 4188 1155 4229 es
1174 4169 1308 4247 reperiet,

201 4286 271 4349 quse
285 4266 412 4329 iortssre
425 4284 513 4328 nemo
527 4264 603 4327 alius
617 4262 746 4344 reperire
766 4265 799 4323 et'
815 4264 917 4324 videre
933 4263 1074 4342 potuerit.
1118 4260 1185 4320 Vin
1206 4271 1237 4322 et
1258 4280 1313 4321 eo-

200 4360 281 4441 pisun
301 4358 482 4421 inventionis·
499 4358 624 4421 menime
643 4376 681 4419 eo
702 4358 815 4419 in-looo
833 4355 1053 4428 demonstrarit,
1069 4355 1120 4415 ubi
1139 4353 1310 4433 impemtori

202 4454 243 4519 iili
257 4452 406 4532 ejusmodi
418 4452 621 4518 defensionem
635 4450 751 4524 tribuit,
765 4469 855 4528 equs
865 4448 922 4511 sibi
936 4448 1111 4509 uberrimum
1125 4446 1243 4507 deeudi
1256 4464 1307 4505 eo·
