3050 4909
189 270 244 340 xiv
497 270 524 337 Ι.
550 270 576 336 1.
601 270 642 336 R.
666 272 730 339 AD
753 268 1011 339 AESOHINEM

188 429 250 493 cati
264 429 377 491 famum
396 434 458 493 700
472 430 603 493 thsieros
623 433 818 511 germanicos,
834 451 904 493 cnm
916 430 1032 510 aliquot
1052 428 1233 491 thalerorum
1245 448 1297 490 ex·

183 542 287 585 cessa.
327 522 404 582 Nam
422 533 524 585 exacte
539 524 564 583 si
578 543 722 595 numeres,
736 531 778 586 36
790 524 894 585 ducati
908 524 1086 603 asquivaient
1097 528 1145 598 (ut
1157 542 1237 583 nunc
1250 530 1297 586 est

189 620 273 680 valor
284 618 399 695 ducati)
420 624 478 679 loa
500 619 619 680 thaleris
637 620 822 697 germanicis.
862 621 1113 699 lnsumtnm-ergo
1126 628 1173 681 est
1186 620 1217 680 in
1231 620 1297 679 hssc

137 717 142 737 '
189 712 248 773 tria
267 711 416 773 volumina
436 711 475 771 ad
498 717 558 776 760
579 713 706 774 ducatos
730 713 927 787 iusliandicos,
948 714 1027 773 ultra
1048 719 1130 773 21⁰0
1153 712 1297 774 thaleros.

190 791 282 872 Quod
308 804 411 869 mirum
436 803 544 865 nemini
565 804 725 878 videbitur,
746 807 800 886 qui
821 808 943 886 cogitet,
966 806 1070 885 quanti
1091 803 1223 866 artifices
1244 824 1297 865 no·

190 905 296 956 strates
310 916 416 977 operas
430 916 497 959 suns
511 899 621 971 locent,
636 898 810 972 chartarium,
822 900 1035 980 typographus,
1045 899 1296 978 chalcographus,

190 1007 316 1049 excusor
330 990 495 1053 tabularum
508 990 540 1050 in
550 1010 608 1051 rere
621 992 803 1063 caelaturam,
818 992 922 1072 quanti
935 1001 1087 1053 corrector
1100 990 1297 1070 sphalmatum

191 1080 488 1161 typographioorum,
517 1084 622 1163 quanti
648 1092 787 1145 constent
813 1085 990 1145 munnsouhs
1016 1084 1156 1145 ministris
1186 1084 1297 1157 danda,

191 1173 294 1254 quanti
319 1175 527 1237 commercium
555 1176 712 1237 literarium
741 1194 831 1256 super
857 1176 916 1237 hoc
944 1176 1065 1255 negotio
1089 1176 1298 1237 exercendum.

191 1266 267 1327 inde
291 1265 330 1329 sd
356 1267 415 1328 hoc
435 1266 495 1329 diei
517 1284 576 1328 non
596 1268 768 1348 recuperavi
788 1276 902 1348 paratas
922 1276 954 1329 et
975 1276 1138 1329 numeratas
1150 1266 1298 1352 pecunim

191 1358 248 1419 nisi
265 1365 326 1420 594
340 1359 479 1431 thaleros,
492 1360 703 1439 aequivalentes
719 1359 836 1423 ducatis
850 1367 910 1423 1⁰8
924 1360 1051 1435 circiter,
1067 1370 1101 1421 ut
1121 1362 1230 1442 cuique
1243 1379 1299 1439 po·

127 1494 130 1501 ι
191 1455 263 1515 terit
276 1445 318 1515 ὀί
329 1452 427 1514 indice
441 1454 591 1516 nominum
612 1464 746 1516 constare
765 1474 878 1529 eorum,
890 1455 944 1534 qui
962 1473 1032 1516 curu
1045 1474 1082 1515 ex
1102 1462 1193 1533 pacto
1207 1452 1298 1514 debr·

190 1556 260 1607 rent
273 1556 541 1625 praenumeratores
551 1566 625 1621 esse,
640 1548 830 1609 committunt
843 1547 978 1627 plerique
992 1554 1025 1608 nt
1037 1567 1115 1627 tegre
1128 1544 1204 1607 fiant
1216 1553 1299 1625 post·

191 1647 401 1699 numeratores.
446 1638 523 1699 Mihi
547 1642 659 1701 interea
679 1640 718 1701 de
736 1661 803 1701 meo
823 1644 1036 1720 rpoesrorrrtov
1054 1647 1110 1701 est.
1151 1638 1300 1699 Videntur

192 1731 331 1817 plerique
345 1732 415 1792 ruihi
427 1752 486 1792 non
501 1730 603 1806 fidere,
614 1742 645 1794 et
659 1754 727 1793 cum
741 1735 893 1795 Sannione
906 1733 1087 1795 Terentiano
1101 1750 1185 1812 spem
1199 1732 1299 1811 pretio

192 1844 292 1885 emere
312 1825 402 1885 nolle.
446 1825 527 1893 Quid
549 1827 574 1886 si
591 1846 647 1905 ego
659 1826 824 1901 vobiscum,
838 1846 858 1887 o
872 1825 957 1904 boni,
971 1826 1037 1906 pari
1055 1825 1144 1886 modo
1159 1826 1299 1904 agerensi

194 1920 372 1997 Unquamne
385 1938 432 1979 res
445 1920 653 1981 coalescereti
676 1920 811 1981 Fieretne
826 1938 958 1998 unquam
972 1919 1027 1990 ric,
1042 1927 1077 1979 ut
1090 1918 1189 1998 operis
1209 1917 1300 1995 hnjus

194 2012 242 2071 val
266 2029 357 2071 unum
377 2010 482 2073 solium
505 2011 724 2073 excudereturi
753 2012 819 2092 Ego
840 2021 969 2073 vestram
995 2031 1079 2091 spem
1105 2010 1204 2091 pretio
1231 2028 1299 2069 meo

193 2102 321 2163 marimo
333 2122 410 2177 emo,
424 2122 477 2163 vos
491 2116 589 2163 vestro
603 2102 718 2163 minuto
732 2122 826 2165 meam
839 2122 940 2168 emere
952 2122 1013 2164 non
1026 2100 1137 2164 ruitis?
1159 2103 1233 2163 Uter
1244 2102 1299 2163 ini·

193 2192 281 2275 quior
294 2197 361 2257 est't
383 2196 447 2273 Ego
460 2214 532 2255 sero
545 2194 584 2255 sd
598 2194 745 2272 aequiores
758 2215 806 2255 nse
822 2194 975 2256 demittam
990 2192 1187 2256 conditiones.
1228 2194 1300 2255 Non

191 2308 315 2368 poscam
327 2288 529 2369 imposterum,
540 2298 573 2350 nt
585 2288 819 2367 pronumeretir,
828 2287 886 2349 nisi
900 2288 926 2347 si
939 2285 993 2366 qni
1003 2294 1108 2366 sponte
1116 2306 1171 2347 sua
1179 2285 1300 2350 facient.
1342 2317 1347 2327 ·

191 2382 300 2445 Velitis
320 2382 411 2443 modo
430 2383 469 2444 de
492 2382 618 2443 emendo
636 2380 784 2461 spondere
801 2382 854 2443 ubi
874 2381 988 2443 editum
1003 2380 1142 2443 roiumen
1156 2381 1300 2459 quodque

192 2474 294 2537 t'uerit.
335 2476 395 2536 Sed
406 2476 456 2536 alii
470 2476 585 2536 Latinoe
600 2475 849 2555 interpretationis
862 2494 882 2534 a
895 2474 1098 2535 Demosthene
1111 2493 1177 2536 meo
1194 2474 1300 2536 absen-

194 2569 265 2630 tiam
287 2577 460 2647 queruntur,
482 2568 531 2627 alii
552 2568 665 2628 malunt
685 2565 773 2627 finem
791 2566 892 2647 operis
910 2574 1095 2645 exspectare,
1109 2576 1250 2645 negantes
1266 2588 1299 2629 se

192 2670 253 2722 tsrn
275 2661 381 2720 stultos
401 2659 477 2731 sore,
499 2668 544 2731 ut,
563 2658 645 2738 quod
666 2660 750 2719 aiunt
774 2659 873 2738 vulgo,
895 2665 1009 2718 cattum
1028 2658 1059 2718 in
1080 2677 1169 2720 sacco
1189 2669 1298 2723 mant

195 2754 262 2817 Ubi·
276 2772 398 2833 prorsus
418 2751 584 2831 perfeetum
599 2750 700 2823 inerit,
714 2754 807 2831 'atque
827 2751 1010 2831 absolutum,
1023 2760 1155 2813 eruturos
1169 2761 1231 2815 tum
1246 2752 1298 2814 de·

192 2865 272 2907 mum
287 2845 445 2925 recipiunt,
458 2846 581 2907 carioris
599 2844 699 2920 etiarn,
713 2864 805 2924 quarn
825 2864 906 2905 nunc
923 2842 1052 2924 possint,
1065 2845 1177 2907 incerta
1190 2865 1253 2925 spe,
1266 2846 1299 2914 in

193 2934 264 3001 rito's
278 2958 352 2999 mess
366 2938 534 3001 discrimine
548 2948 679 3005 namnte.
711 2941 801 3021 Saepe
815 2938 908 3021 incipi
920 2939 1071 3018 ejusmodi
1084 2959 1175 3019 opera
1186 2942 1300 3021 magnis

192 3052 261 3094 cuns
276 3031 532 3111 promissionibus.
569 3034 705 3097 Emtores
717 3035 759 3096 sio
774 3033 864 3095 allici.
904 3034 1000 3095 Paulo
1013 3042 1082 3115 post
1095 3035 1199 3108 insisti,
1214 3056 1299 3116 spem

195 3124 346 3205 publicam
361 3123 472 3205 decipi.
513 3127 660 3207 Exempla
679 3134 823 3207 prostare.
865 3128 934 3188 Hac
946 3128 1012 3208 ipsa
1024 3129 1055 3188 in
1070 3128 1144 3189 urbe
1157 3129 1239 3201 hand
1257 3129 1301 3191 ita

194 3218 308 3299 pridem
329 3218 378 3278 edi
397 3226 525 3299 coeptum
547 3240 611 3281 esse
626 3219 734 3281 librum
749 3222 908 3282 Graecum:
930 3219 1016 3298 cujus
1037 3222 1076 3283 ad
1096 3222 1210 3284 calcem
1231 3240 1300 3284 eum

195 3320 275 3373 esset
294 3320 479 3391 perventum,
494 3320 610 3392 partem
631 3312 699 3373 iibri
720 3314 874 3392 optimam,
886 3312 973 3390 cujus
993 3313 1085 3373 solius
1104 3334 1197 3375 causa
1213 3316 1301 3376 emis·

194 3416 270 3480 sent,
285 3426 393 3467 annum
407 3426 444 3467 ex
457 3424 536 3468 anno
554 3407 678 3480 extrahi,
694 3407 783 3469 fidem
797 3407 895 3467 verbis
908 3426 969 3467 non
982 3404 1055 3479 fieri,
1068 3426 1101 3467 ss
1118 3406 1300 3471 lodi-dam

193 3500 234 3561 de
254 3500 332 3561 mille
349 3500 576 3579 exemplaribus,
589 3504 648 3575 (tot
667 3500 745 3563 enim
766 3502 913 3579 cujusque
927 3498 1084 3560 voluminis
1102 3500 1302 3576 excuduntur)

196 3602 315 3655 centum
328 3603 360 3655 et
374 3594 588 3673 quinquaginta
602 3594 705 3667 ferme,
720 3594 777 3654 aiis
790 3592 921 3667 vendita,
934 3592 992 3653 alia
1007 3592 1133 3665 credito,
1148 3594 1206 3656 alia
1218 3594 1301 3655 dono

196 3688 267 3748 data
277 3696 356 3756 sunt.
367 3696 402 3747 nt
410 3686 474 3765 jam
485 3686 571 3749 facile
582 3686 617 3748 fit
629 3688 788 3760 estimato,
802 3694 924 3764 quotam
935 3695 1049 3766 partem
1062 3695 1212 3748 sumtuum
1225 3706 1245 3747 a
1255 3706 1303 3747 me

195 3788 383 3860 erogatorum
402 3780 647 3858 recuperaverim.
682 3778 781 3852 Adde,
797 3778 879 3857 quod
898 3779 979 3841 hand
992 3780 1089 3859 pauci,
1104 3798 1176 3840 cnm
1189 3781 1301 3842 Demo·

195 3874 331 3935 sthenern
341 3872 494 3944 emissent,
509 3872 630 3952 reliquis
644 3871 843 3934 voluminibus
861 3872 1036 3934 insecuturis
1052 3872 1302 3936 renunciaverint.

195 3966 288 4042 Quod
307 3967 331 4026 si
351 3984 432 4044 ergo,
446 3974 480 4025 ut
493 3965 570 4045 coepi
587 3965 696 4038 iacere,
710 3963 863 4043 fidemque
882 3964 954 4027 dedi
973 3987 1019 4028 roe
1032 3964 1180 4027 iacturum
1199 3986 1302 4048 porro,

197 4061 273 4123 senis
292 4059 461 4139 quibusque
480 4059 630 4120 mensibus
651 4059 769 4139 singula
790 4058 963 4137 hrq'usmodi
979 4060 1128 4121 volumina
1146 4060 1304 4140 prodenda

197 4163 276 4227 sunt,
296 4173 352 4234 per
372 4172 404 4213 se
425 4161 521 4231 paret,
539 4170 660 4213 necesse
680 4162 754 4225 esse,
769 4160 941 4214 utemtores
953 4152 1054 4232 piures
1068 4161 1186 4216 coeant.
1219 4153 1303 4215 Alias

196 4246 286 4307 telam
311 4247 388 4308 hanc
403 4264 460 4323 ego
473 4262 593 4333 necesse
613 4244 730 4306 habebo
750 4245 937 4325 abrumpere.
979 4247 1131 4308 Exhausto
1143 4246 1223 4308 enirn
1238 4246 1303 4324 jara

198 4358 245 4399 res
267 4358 333 4398 mea
357 4336 508 4397 familiaris
536 4345 592 4411 est,
618 4337 684 4418 ipsa
707 4356 852 4416 perquam
874 4336 1041 4401 mediocris.
1083 4340 1169 4419 Rogo
1193 4340 1304 4418 itaque,

196 4439 348 4511 quotquot
359 4439 428 4491 sunt
441 4429 782 4508 Groecarumiitersrum
796 4440 938 4505 amantes,
947 4440 981 4493 nt
992 4432 1087 4495 literis
1099 4433 1138 4495 sd
1147 4434 1244 4513 ipsum
1257 4450 1306 4493 rae
