3050 4909
423 306 489 374 DE
511 309 695 379 AESCHIN
698 312 726 379 E
750 313 980 385 ORATORE.
1187 345 1273 390 aar·

188 464 239 523 τὸν
251 471 450 546 προειρημένον
464 472 551 563 τόπον
564 476 610 531 mi
623 473 784 554 κατέβημεν
790 482 839 547 είς
859 481 891 540 τὸ
910 482 1048 559 Κιρραῖον
1065 480 1163 541 πεδίον
1177 486 1229 541 ani
1244 482 1294 544 τὸν

187 561 292 637 λιμένα
305 564 541 639 κατασκάψαντες
552 567 598 625 καί
613 572 666 652 τιίς
679 572 769 637 οἰκίας
781 571 976 651 ἐμπρήσαντες
985 577 1202 655 ἀνεχωροῦμεν.Ι
1215 575 1294 639 Item

186 652 376 715 suavissimus
391 656 554 728 AEschines,
568 678 637 727 oum
652 664 793 741 Autolyci
806 665 998 743 Areopagitae
1012 666 1177 727 orationem
1188 686 1293 729 recen·

187 752 242 814 set,
266 764 356 824 quam
372 749 507 826 populas
530 752 654 811 audiens
678 754 717 813 ob
739 756 970 834 ambiguitatem,
991 768 1101 837 prater
1121 760 1292 839 opinionem

185 834 314 897 dicentis
327 851 433 919 ortam,
447 840 484 901 ad
501 841 665 905 irrisionem
678 845 834 922 Timarchi
846 859 991 912 mactat:
1011 857 1049 927 (r.
1063 850 1192 931 Τιμάρχ.
1207 856 1233 926 ξ.
1247 854 1292 913 se'.

187 928 278 1007 med.)
293 934 338 990 καί
351 937 414 1011 περὶ
427 944 476 1005 τῆς
488 934 605 1015 ἐρημίας
619 938 721 1011 ταύτης
735 943 782 999 καί
795 948 844 1000 τοῦ
857 944 944 1004 τόπον
963 950 1013 1003 τοῦ
1026 946 1059 1003 bv
1079 948 1113 1029 qi
1128 942 1231 1017 Πνιιιί,
1250 950 1290 1025 μὴ

184 1018 362 1101 θαυμάσητε,
384 1018 582 1099 d’Abnrator,
595 1028 657 1109 ἔφη,
676 1032 865 1111 (Autolycus)
879 1037 903 1095 εί
920 1034 1071 1115 Τίμαρχος
1090 1036 1289 1118 ἐμπειροτέρως

182 1112 244 1193 ἔχει
257 1115 430 1190 τῆςβουλῆς
444 1132 494 1189 τῆς
507 1120 644 1199 illapsione
657 1123 762 1199 πάγον.
797 1125 875 1194 Qua
890 1127 992 1206 verba,
1006 1146 1075 1187 eum
1089 1130 1290 1207 apopulc'ob

184 1206 336 1267 Timarchi
351 1229 444 1269 mores
458 1211 565 1271 dubios
580 1212 686 1291 plausu
700 1216 917 1295 exciperentur,
932 1219 1158 1300 Autolycusrei
1171 1221 1290 1299 ignaras

184 1307 216 1358 et
236 1300 403 1378 indignans,
419 1314 542 1364 excusat
562 1307 724 1367 orationem
746 1318 777 1369 et
798 1329 899 1370 rursus
918 1311 957 1372 ad
978 1312 1117 1392 ambigua
1130 1312 1290 1373 delabitur.

184 1390 263 1451 Tum
278 1412 346 1452 vero
361 1394 459 1453 omnia
478 1395 635 1473 implentur
648 1400 708 1460 risu
721 1402 899 1483 plausuque.
942 1404 1141 1484 Pyrrhander,
1157 1408 1290 1485 Areopa·

183 1484 311 1563 gitarum
325 1506 413 1563 unus,
429 1489 471 1549 rei
485 1490 688 1567 indignitatem
704 1514 764 1555 non
778 1496 904 1574 amplius
918 1496 1025 1572 ferens,
1041 1500 1144 1578 prodit
1156 1506 1187 1560 et
1202 1502 1290 1560 casti·

183 1587 234 1654 gat
246 1580 353 1658 populi
373 1581 598 1655 immodestiam,
613 1594 674 1645 tum
689 1587 739 1647 illa
756 1589 937 1650 facetissima
955 1592 1110 1670 responsio
1123 1612 1142 1651 a
1155 1592 1289 1671 populo:

182 1672 277 1751 ίιτμεν,
292 1670 316 1733 ab
328 1672 502 1757 Πύρρανδρε,
516 1676 560 1737 δτι
572 1680 604 1739 cb
619 1678 658 1739 bai
672 1684 763 1757 γελᾷν
777 1688 881 1743 τούτων
893 1684 1164 1764 (Areopagitarum)
1176 1687 1288 1747 ἐναντί-

183 1776 226 1824 αν’
240 1769 308 1835 ἁλλ’
321 1770 409 1837 οὕτως
428 1770 546 1849 ίσχυρόν
566 1771 644 1832 ἔστιν
656 1776 674 1843 ἡ
688 1772 823 1849 ἀλήθεια,
844 1782 916 1839 dare
936 1778 1052 1839 πάντων
1071 1779 1210 1853 ἐπικρατεῖ
1230 1788 1287 1839 τῦν

181 1858 373 1941 ἀνθρωπίνων
386 1866 544 1941 λογισμῶν.

581 2004 740 2093 saca.
776 2018 917 2095 vnn·

617 2150 667 2211 De
680 2152 852 2215 acerbitate.

224 2264 286 2335 Qui
300 2266 397 2325 omnia
406 2264 541 2343 jucunde
561 2275 592 2327 et
611 2268 784 2348 simpliciter
797 2270 878 2343 aicit,
894 2270 930 2328 is·
940 2269 1066 2331 tortssse
1079 2269 1243 2331 delectabit
1254 2276 1287 2330 et

179 2358 315 2431 docebit,
331 2376 501 2437 quanquam
516 2378 553 2419 ne
566 2358 733 2439 idqnidem
754 2382 871 2441 semper
885 2360 1005 2422 efficiet.
1044 2362 1185 2423 Studiose
1205 2362 1287 2421 enim

178 2450 309 2530 quaesita
322 2452 448 2511 suavitas
461 2452 530 2531 plus
543 2451 647 2513 afferet
660 2455 813 2526 molestiae,
822 2474 918 2535 -qnam
929 2454 1147 2525 delectationis,
1161 2462 1193 2514 et
1205 2454 1287 2513 omni

178 2550 287 2603 ornatu
302 2544 416 2622 privata
434 2543 608 2623 simplicitas
622 2544 766 2625 lectorem
779 2546 870 2606 facile
883 2545 1030 2623 fatigabit.
1063 2546 1213 2605 Praeterea
1225 2562 1287 2605 non

177 2655 282 2697 omnes
303 2655 350 2696 res
371 2635 592 2714 simplicitatem
612 2646 644 2697 et
664 2638 780 2714 lepores
799 2636 933 2716 capiunt,
947 2646 979 2697 et
996 2644 1065 2697 ante
1087 2637 1195 2711 omnia,
1209 2638 1286 2717 quid

180 2728 298 2807 deceat,
312 2738 412 2789 orator
425 2728 525 2808 ridere
537 2729 638 2791 debet.
665 2729 773 2791 Motus
787 2730 875 2791 etiam
889 2729 920 2789 in
932 2728 1070 2790 auditore
1083 2730 1182 2791 ciendi
1195 2741 1227 2793 et
1238 2751 1286 2792 ro-

179 2820 237 2881 bur
250 2828 296 2880 est
308 2820 478 2882 addendum
489 2821 587 2883 verbis
601 2832 632 2883 et
646 2822 808 2883 sententiis.
833 2823 915 2901 lingo
925 2832 1027 2893 orator
1039 2822 1126 2883 simul
1135 2831 1167 2884 et
1176 2823 1286 2885 acerbe

178 2924 211 2973 et
229 2913 356 2992 graviter
376 2922 407 2975 et
426 2914 569 2975 audacter
589 2923 620 2975 et
638 2914 829 2977 vehementer
841 2914 942 2976 dicere
956 2914 1088 2977 audebit.
1128 2915 1285 2978 Acerbitas

179 3005 280 3085 igitar,
302 3016 437 3085 quaeest
460 3008 490 3067 in
510 3006 647 3068 vitiorum
669 3008 899 3087 reprehensione
923 3008 1004 3079 acri,
1019 3008 1113 3069 multa
1135 3015 1183 3069 est
1203 3008 1286 3087 apud

178 3099 359 3160 AEschinem.
379 3100 463 3160 Nihil
475 3100 553 3160 enim
567 3100 703 3163 acerbius
716 3101 842 3179 cogitari
854 3110 888 3161 et
900 3100 1027 3179 intelligi
1041 3109 1141 3178 petest
1156 3122 1194 3161 eo
1207 3102 1286 3177 loco,

180 3192 232 3251 ubi
244 3193 395 3255 Timarchi
410 3192 649 3255 inhumanitatem
661 3212 732 3273 erga
745 3204 869 3255 matrem
884 3202 916 3253 et
928 3203 1069 3272 patruum
1082 3192 1285 3255 demonstrat:

179 3289 216 3360 (s.
229 3286 358 3371 Τιμάρχ.
379 3290 403 3360 ξ.
418 3288 467 3362 τ’.)
488 3288 659 3360 ίαετιυοΰτης
678 3289 724 3347 καὶ
742 3285 950 3361 ἂντιβολαίτης
968 3298 1019 3358 τῆς
1039 3286 1287 3367 μητρὸς-ἐᾶται

179 3382 227 3437 καί
238 3377 461 3457 putrescebat,
472 3380 516 3457 (τὸ
529 3381 649 3459 χοιρίον)
662 3380 728 3439 ἀλλ’
737 3381 761 3438 εί
774 3380 815 3456 μή
830 3404 858 3439 τι
870 3380 956 3454 ἄλλα,
967 3379 1122 3460 ἐνταφῆναι
1133 3379 1287 3438 ὑπολιπεῖν

179 3474 261 3557 αἰτῇ.
274 3472 337 3533 obii
349 3472 448 3533 τοίιτον
458 3478 506 3533 rot
519 3462 624 3555 χωρίου
636 3474 789 3551 ἀπέσχετο,
798 3475 878 3531 ἀλλὰ
886 3472 933 3531 eal
943 3476 1016 3531 τοῦτ’
1025 3470 1156 3532 ἀπέδοτο.
1178 3469 1287 3531 Nonne

179 3564 246 3625 haec
259 3566 396 3627 acerbam
418 3563 675 3642 reprehensionem
690 3564 866 3638 continenti
901 3564 1012 3625 Nonne
1031 3562 1286 3642 inhumanissimi

179 3658 282 3719 matria
296 3676 409 3736 preces,
427 3658 551 3733 crenus,
566 3666 600 3719 ut
621 3656 724 3721 saltem
745 3658 844 3718 locum
865 3658 1024 3737 sepultura
1048 3656 1105 3715 sihi
1126 3656 1286 3734 relinquat,

179 3750 340 3829 repudiati
359 3750 436 3811 Tum
455 3750 506 3809 illa
519 3770 578 3811 non
591 3751 688 3813 minus
706 3752 825 3823 acerba,
840 3770 909 3829 quse
932 3758 966 3810 ut
982 3748 1098 3810 facilius
1119 3750 1287 3811 sentiantur
1366 3826 1376 3839 ⁹

178 3843 344 3922 simplicem
358 3844 533 3904 sententiam
544 3862 661 3921 ponam,
671 3835 843 3915 Timarchus
852 3842 1039 3924 Arignotus·
1046 3840 1188 3925 neglexit.
1207 3842 1285 3913 iarn,

179 3935 332 4015 quomodo
346 3936 501 3997 AEschiues
515 3933 629 4007 dixerit,
644 3934 817 3995 videndum.
837 3935 922 4009 (ibid.
937 3937 963 4008 i.
980 3936 1025 3996 κά.
1040 3933 1132 4010 med.)
1151 3933 1288 4013 rapend-

177 4052 265 4109 μενος
278 4029 370 4107 ἆνδρα
388 4027 551 4109 πρεσβύτην
565 4032 610 4087 καὶ
624 4022 794 4109 ἠτυχηκότα,
807 4026 886 4088 θεῖον
898 4027 1009 4088 ἑαυτοῦ.
1041 4028 1102 4087 Hic
1115 4027 1207 4087 verba
1227 4026 1288 4085 siu·

179 4122 252 4200 gala
273 4121 479 4200 indignitatem
499 4122 543 4181 rei
563 4122 681 4200 augent.
724 4121 854 4181 Primum
875 4140 934 4181 non
956 4119 1032 4181 dixit
1051 4122 1213 4200 ambisse,
1234 4117 1288 4181 sed

178 4214 395 4296 παρωσάμενος,
410 4216 492 4293 quod
505 4215 630 4291 verbum
649 4215 790 4292 majorem
804 4216 863 4275 vim
881 4215 983 4276 habet.
1024 4213 1144 4275 Deinde
1158 4233 1220 4274 non
1232 4232 1288 4294 ap-

179 4308 305 4389 pellarit
321 4308 438 4369 nomine
459 4309 606 4388 Arignoti,
625 4308 678 4369 sed
700 4327 810 4383 senem,
823 4308 979 4369 oculorum
993 4326 1049 4368 usu
1064 4306 1220 4386 privatum,
1234 4325 1288 4385 pa·

180 4400 448 4465 truum'Timarchi
461 4402 546 4463 dixit.
588 4402 633 4462 Ex
646 4400 752 4461 ecdem
771 4412 878 4480 genere
898 4410 968 4461 suut
987 4399 1056 4461 illa:
1076 4398 1163 4475 (ibid.
1186 4400 1217 4475 d.
1232 4398 1287 4473 κγ’.

181 4494 275 4569 mccl.)
287 4498 362 4576 arip
380 4498 425 4555 sol
438 4500 521 4572 γυνη.
557 4495 596 4557 Et
609 4502 708 4559 rursus
721 4496 813 4557 verba
825 4494 963 4558 ramice
975 4501 1036 4585 τοῖς
1048 4491 1207 4573 νόμιμοί
1218 4493 1288 4570 istit*

184 4602 267 4648 vor..
285 4602 308 4647 ι.
674 4584 700 4629 ff
712 4608 727 4647 e
