3050 4909
101 342 106 351 ·
181 321 213 393 n·
480 316 507 382 1.
533 315 719 382 tuno
742 311 999 412 nsonrnsn

117 450 123 469 ⁸
185 498 289 543 eorum
311 476 432 541 oodiees
451 480 520 539 msti
540 478 599 539 srisi
615 476 791 539 defuissent.
832 476 907 539 Sues
922 476 967 537 de
985 471 1098 539 satisne
1111 468 1289 559 antuini

186 572 373 650 oonjeoturas
387 565 418 631 in
430 570 613 649 marginibus
626 572 716 633 sertis
727 569 907 649 quibusdan
917 568 997 631 notis
1007 567 1163 629 indiossse.
1191 566 1289 627 Nimis

186 684 302 727 oramus
316 672 350 723 et·
361 672 478 741 apertos
491 662 610 723 Aldinae
623 682 735 724 errores
747 682 767 723 a
780 682 813 722 se
827 661 1149 725 anteradensem.
1175 660 1289 722 lasse

186 759 236 820 irio
255 766 361 821 nactus
377 756 513 819 Wolfium
536 756 689 837 carpendi,
702 756 756 835 qui
778 755 906 817 triennio
917 764 990 817 aute
1003 755 1178 817 AEseirins·
1190 752 1290 831 pasti:-
1407 791 1411 799 ·

185 858 318 925 caverat,
331 868 391 911 nos
406 870 474 911 eum
489 850 700 923 Demosthene,
721 848 850 927 graviter
860 850 893 911 in
911 868 980 911 eum
992 849 1162 928 Stephanus
1172 843 1291 907 rorent

186 953 245 1017 tur,
261 943 396 1005 meritum
409 942 441 1003 id
456 942 538 1003 illum
553 943 686 1021 quidem.
722 939 822 1003 uolui
839 941 934 1021 ipn‘ns
947 960 1048 1014 aaa,
1061 958 1150 1020 quern
1164 958 1244 1009 amo,
1257 944 1290 1002 st

187 1035 286 1116 magni
304 1034 393 1109 tasio,
407 1036 510 1095 veliem
534 1035 631 1115 ipsum
656 1055 716 1095 non
738 1034 869 1095 moribus
888 1034 962 1105 suis,
982 1054 1044 1095 oon
1066 1030 1289 1113 importunitas

183 1130 252 1202 ista,
275 1138 336 1189 tsm
359 1129 509 1203 acerbam,
530 1129 583 1189 sed
606 1148 703 1189 veram
728 1128 987 1205 reprehensionem
1009 1128 1067 1188 sibi
1088 1126 1288 1197 onnaaiuer

185 1240 367 1302 quamquam
385 1222 435 1281 illa
453 1222 547 1281 rideri
566 1221 660 1299 possit
674 1240 734 1281 non
747 1220 787 1279 ad
801 1220 898 1280 sotum
909 1219 1063 1293 wattun,
1076 1220 1128 1281 ssd
1141 1220 1289 1298 quodam·

185 1314 277 1376 modo
288 1314 426 1376 etiamad
439 1315 614 1393 Grynaeum,
624 1322 655 1373 et
666 1312 845 1392 oporinum,
854 1321 885 1373 et
894 1311 920 1373 si
930 1312 1041 1392 quibos
1049 1312 1117 1375 atti·
1127 1311 1289 1373 Frobenins

185 1416 320 1471 uteretur
337 1405 376 1467 ad
393 1424 486 1485 opera
502 1424 521 1467 a
537 1425 568 1467 se
586 1405 703 1467 edenda
716 1405 914 1484 sphalmntum
926 1405 1207 1487 typogrnpnioonm
1221 1424 1290 1465 nor,

185 1499 364 1571 rectoribus,
380 1497 536 1578 pertinere.
557 1501 696 1578 suspioor
715 1498 831 1578 utique,
854 1517 1036 1577 quamquam
1055 1509 1138 1561 sesto
1157 1498 1288 1561 modst-

186 1593 343 1673 explorare
356 1590 499 1664 laboravi,
514 1590 684 1652 reensiones
697 1590 873 1651 Aidinornm
887 1592 1028 1653 librorum
1040 1612 1060 1653 a
1073 1591 1223 1653 frobstrio
1234 1610 1291 1651 cue

185 1696 266 1747 ratas
284 1682 547 1767 παραδιορθώσισιν
560 1685 599 1744 ab
612 1683 683 1765 ittis,
703 1703 780 1763 quos
797 1683 870 1756 disi,
891 1684 1043 1763 protestis,
1057 1693 1182 1747 sutem.
1196 1692 1228 1744 nt
1241 1704 1291 1745 ses

186 1779 260 1841 duio
275 1797 380 1839 essere
394 1778 480 1839 nobis
494 1778 666 1850 &beamus
681 1796 718 1839 ne
732 1777 935 1858 imprudente
949 1778 1143 1840 frobenianis
1155 1779 1290 1839 lectioni·
1352 1848 1358 1859 ‚

186 1874 243 1934 bus
257 1872 379 1933 nimium
392 1870 585 1933 confidamus.
604 1940 612 1961 1
627 1872 794 1951 Stephanus
807 1880 888 1932 certe
902 1872 1049 1950 queritur,
1061 1871 1092 1931 in
1106 1870 1290 1932 editionibus

185 1966 374 2027 Germanicis
389 1965 444 2045 [ita
457 1965 639 2026 Basileenses
652 1964 798 2044 appellnt]
811 1963 953 2023 librorum
967 1965 1144 2025 Graecorum
1154 1963 1197 2023 sb
1209 1964 1290 2023 Atdo

185 2060 331 2121 editorum
351 2057 458 2119 multos
472 2065 584 2119 veteres
599 2056 774 2117 Aldinamm
795 2054 915 2116 mendas
935 2056 1031 2117 mutto
1049 2055 1291 2135 piuribnsnoris

184 2151 385 2213 aeoumulstns
396 2169 474 2212 esse.
513 2152 702 2228 Quamquam
722 2149 821 2209 nulius
840 2148 957 2220 dubito,
972 2149 1079 2209 multos
1092 2148 1166 2223 inse,
1180 2148 1289 2227 quibus

184 2243 242 2304 ista
264 2243 430 2323 legentibus
454 2242 570 2317 eadem,
593 2262 661 2322 quaa
685 2242 770 2314 mihi,
793 2250 980 2308 succurrant.
1021 2242 1141 2320 Figulus
1165 2240 1290 2319 figulum

183 2338 260 2400 odit.
302 2339 368 2397 Vox
383 2338 449 2399 hren
462 2348 508 2399 est
520 2336 731 2419 typographioi
745 2336 857 2399 lisoris.
897 2334 1013 2397 Artifex
1027 2334 1170 2395 artificem
1190 2335 1291 2415 depri-

185 2450 274 2503 mers,
288 2438 380 2509 atque
393 2430 504 2491 invidia
516 2450 685 2511 respergere
698 2430 825 2505 laborat,
838 2450 900 2509 qno
913 2450 967 2491 soa
980 2429 1038 2489 sibi
1055 2448 1138 2489 merx
1156 2428 1217 2489 troo
1235 2428 1292 2489 fiat

184 2522 371 2585 vendibilius.
413 2524 492 2583 Vers
514 2534 610 2584 tamen
628 2522 713 2600 queri
735 2524 932 2601 Stephanum,
953 2540 999 2581 res
1018 2521 1082 2599 ipsa
1095 2521 1234 2582 disertius
1246 2522 1292 2581 io·

185 2615 297 2693 quitur,
313 2632 401 2692 quarn
410 2622 462 2673 aut
475 2632 530 2693 par
541 2623 605 2675 erat
619 2613 777 2685 committi,
787 2622 821 2673 ut
833 2632 904 2673 vera
917 2612 984 2673 διο
996 2612 1145 2672 dedecora
1155 2613 1290 2676 diuerso·

181 2716 243 2781 tur,
253 2714 308 2765 ant
321 2724 400 2765 nuno
414 2706 504 2767 oelsri
517 2714 569 2766 aut
580 2704 718 2767 excusari
732 2712 843 2785 potest.
882 2704 992 2783 Neque
1009 2705 1110 2765 obstat
1124 2706 1193 2780 boe,
1207 2707 1289 2786 quod

184 2800 355 2877 Stephanus
367 2797 440 2877 ipse,
455 2818 552 2859 saerns
574 2798 623 2860 iile
645 2818 759 2871 oensor,
776 2798 807 2858 in
827 2798 888 2859 hoo
908 2797 1005 2878 ipsum
1024 2799 1136 2859 eumen
1154 2799 1291 2876 incurrit,

184 2891 271 2967 euius
291 2892 367 2965 iiius,
382 2893 558 2964 Germanos,
573 2891 663 2953 homo
682 2893 903 2965 Gallofsancus,
918 2912 984 2953 reos
1005 2892 1077 2971 agit.
1099 2893 1199 2953 Wotfii
1220 2914 1291 2973 pro·

185 2984 267 3045 secto
280 2984 428 3045 editiones
442 2985 583 3045 librorum
597 2984 774 3047 Graeoorum
789 3002 846 3064 ego
860 2985 997 3063 equidem
1012 2986 1093 3046 haud
1105 2986 1186 3047 duco
1198 2989 1292 3067 magis

186 3078 374 3156 suspiriosas,
389 3096 478 3155 quam
496 3078 703 3157 Stephanioas.
743 3079 840 3156 Cujus
854 3080 929 3139 etius
944 3078 1090 3141 editiones
1109 3080 1202 3157 magis
1222 3082 1291 3141 iror-

184 3180 251 3231 rent
270 3167 525 3249 rapadropidrruo
546 3171 652 3249 spinis,
668 3190 756 3250 quam
773 3180 828 3231 ant
848 3171 1035 3243 Plutarchus,
1048 3181 1102 3232 ant
1120 3172 1206 3231 Plato
1224 3174 1293 3235 Ste-

184 3262 299 3343 phanit
321 3263 368 3323 De
383 3262 508 3323 Platone
523 3264 644 3342 quidem
660 3266 817 3326 Fischerus
830 3272 932 3324 noster
951 3266 988 3327 V.
1000 3264 1039 3325 C.
1051 3272 1192 3326 testatum
1205 3265 1291 3346 feeit,

185 3356 224 3416 de
239 3356 400 3417 Plutarcho
413 3365 515 3417 autem
534 3376 592 3435 ego
610 3356 675 3436 ipse
688 3358 852 3437 quondam.
890 3356 994 3435 Turpe
1014 3364 1061 3418 est
1081 3358 1209 3433 censori,
1222 3378 1292 3426 narn
1362 3358 1375 3367 ”

186 3448 276 3527 eulpa
294 3447 445 3525 redarguit
465 3449 572 3528 ipsum.
612 3450 672 3511 Sed
691 3470 848 3531 pergemus
868 3450 1052 3529 Stephanum
1064 3450 1179 3513 andire.
1219 3460 1241 3491 ‘⁴
1254 3454 1292 3515 ln

185 3539 346 3601 editionem
360 3540 559 3602 Basileensem
573 3542 658 3603 unius
674 3564 712 3604 ex
730 3543 776 3603 his
787 3542 967 3613 oratoribus,
982 3543 1130 3606 AEsehinis
1139 3546 1291 3620 videlieet,

187 3652 256 3713 quae
279 3634 475 3695 Demostheni
495 3634 639 3713 adjuncta
659 3646 716 3709 est,
738 3656 809 3697 curn
824 3636 929 3696 Latina
942 3635 1194 3716 interpretaione,
1215 3658 1293 3701 nora

187 3726 325 3805 quodam
346 3735 377 3786 et
396 3727 545 3800 inusitata,
565 3728 646 3809 quod
668 3730 707 3789 ad
721 3732 847 3789 Grecos
860 3728 1021 3807 scriptores
1038 3732 1154 3802 attinet,
1167 3730 1294 3792 audacis

186 3830 319 3899 grassata
332 3827 388 3881 est.
429 3822 475 3881 tbi
489 3822 568 3882 enim
587 3822 737 3902 plerisque
756 3822 789 3882 in
809 3820 885 3881 loeis
897 3824 1045 3884 woabnls
1065 3824 1162 3883 textui
1184 3824 1293 3886 inserta

185 3924 265 3987 sunt.
279 3913 357 3974 haud
373 3934 467 3994 pauca
483 3915 570 3975 etiam
585 3917 625 3975 its
640 3924 753 3977 mutata
775 3934 814 3975 ex
834 3914 900 3976 sola
917 3918 1103 3996 conjectura,
1116 3934 1176 3978 non
1193 3917 1292 3981 mium

185 4017 283 4069 tamen
298 4006 460 4080 audaciter,
473 4026 563 4086 quam
586 4009 612 4067 si
631 4010 677 4069 hm
698 4008 869 4069 additiones
890 4017 980 4087 etque
992 4008 1210 4073 immutationes
1231 4030 1291 4071 noa

186 4100 360 4179 conjecturs
378 4100 501 4173 incerta,
515 4100 568 4159 sed
583 4100 749 4163 certissimo
764 4112 896 4163 vetmam
908 4102 1110 4181 exemplorum
1122 4103 1293 4165 testimonio

188 4190 380 4254 niterentur!
422 4194 509 4265 Vera,
522 4193 609 4252 nimis
620 4212 689 4253 rere
702 4194 756 4266 ais,
770 4193 812 4254 mi
824 4194 984 4275 Stephane.
1023 4194 1073 4256 Tu
1085 4206 1196 4267 suurn,
1209 4197 1294 4277 signs⁸

186 4304 336 4363 uunquam
346 4284 476 4345 mutasti.
491 4303 579 4347 sures
588 4286 700 4349 oeneist
715 4286 817 4347 Sinum
826 4295 1038 4368 pertenternus.
1047 4294 1224 4369 -“Atuue
1236 4291 1292 4366 (sio

185 4378 294 4457 pergit)
306 4387 337 4437 nt
352 4396 411 4437 non
427 4377 522 4438 minus
537 4379 668 4453 incuriae,
678 4398 767 4459 quam
780 4382 914 4442 undamn
928 4382 1061 4462 exempla
1077 4382 1119 4444 ibi
1131 4393 1291 4457 eutarent,

186 4469 293 4531 omissa
301 4469 426 4532 'suerunt
437 4470 585 4552 plerisque
593 4472 623 4533 in
637 4472 712 4535 locis
723 4472 879 4551 vocabula,
892 4488 961 4553 quse
975 4473 1006 4535 io
1015 4474 1127 4541 Aldina
1140 4478 1292 4561 leguntur,
