3050 4909
208 367 214 377 ·
243 323 301 393 itii
500 334 518 391 .'
615 321 656 390 0.
680 322 717 389 F.
740 320 961 389 MAt'mAEl

243 482 307 564 elii,
330 483 383 562 qui
395 481 485 545 'nobis
506 482 645 547 domnum
665 482 801 556 efferent,
821 500 974 563 omarum
994 480 1151 549 stroeitete
1167 486 1201 541 et
1217 476 1339 541 ultionis

242 576 397 639 severime
418 578 576 637 essemusl
595 576 643 635 Ab
666 576 722 637 lreo
741 575 951 637 vehementiori
968 573 1128 634 nerinorum
1142 570 1341 633 commotione

244 668 403 747 studioque
424 666 585 729 ulciscendi
603 668 643 729 nd
666 668 896 729 misericordiam
909 668 1150 746 voluntatemque
1168 686 1202 725 se
1214 662 1341 742 jurandi

244 760 303 823 ulio
326 760 358 823 in
381 759 450 823 loeo
466 763 510 837 (rr.
531 758 724 843 llnpnepseti.
745 766 772 835 ς.
794 764 847 835 ri.)
864 758 946 821 flexit
966 770 998 821 et
1021 759 1153 819 traduxit
1172 756 1340 819 auditorem

242 854 358 915 animos
378 852 408 913 in
423 852 629 932 cogitationen
642 863 673 914 et
695 874 812 915 sensum
825 872 889 915 suae
907 850 1083 913 ouhmitetis
1095 858 1128 910 et
1149 849 1341 912 miseriorum.

242 946 412 1007 Accusatus
431 946 541 1005 enimn
559 945 771 1016 Demosthene,
791 946 906 1024 potenti
925 946 1011 1005 hoste
1030 952 1062 1003 et
1081 942 1219 1021 maligno,
1239 941 1342 1018 reique

242 1037 374 1116 publices
386 1037 488 1110 noxio,
503 1037 625 1115 rubjioit
643 1039 736 1099 oculis
745 1038 884 1115 judicum
901 1045 1052 1117 pemntm
1067 1034 1150 1097 sertio
1162 1033 1342 1105 confectum,

242 1130 334 1191 morti
349 1129 487 1205 ricinum,
502 1128 554 1189 lilii
569 1130 702 1209 periculo
717 1139 902 1202 trementem,
915 1129 1022 1190 fretres
1039 1129 1078 1188 de
1098 1127 1250 1206 republica
1265 1126 1342 1187 bene

241 1222 377 1295 meritos,
404 1222 629 1296 consentientes,
652 1222 856 1300 condolentes,
883 1223 994 1283 liberos
1016 1231 1104 1282 estete
1124 1229 1156 1281 et
1175 1220 1342 1280 eelemitrte

242 1316 338 1393 petris
350 1315 494 1389 inielioee,
508 1314 690 1387 innoeentes,
705 1334 803 1393 eoque
817 1314 991 1385 miseriores,
1006 1332 1068 1392 quo
1082 1312 1179 1373 minus
1196 1312 1344 1390 magnitu-

149 1438 151 1443 .
245 1405 345 1469 dinem
361 1408 488 1486 ‘periculi
510 1409 648 1479 sentiunt,
670 1428 753 1468 sunm
768 1426 837 1485 erge
859 1408 1071 1487 rempublicam
1098 1406 1342 1476 benevolentium,

242 1518 316 1579 ergo
329 1500 409 1561 eires
422 1500 553 1581 singulos
568 1500 809 1572 moderationem,
822 1522 894 1579 ergo
909 1520 1010 1561 eorum
1030 1500 1138 1560 liberes
1160 1508 1190 1558 et
1213 1498 1343 1577 discipli·

245 1610 314 1655 netu
329 1612 428 1654 ourstn
451 1612 535 1654 sunm
556 1594 691 1654 modeste
715 1594 913 1671 commendet,
926 1592 1055 1653 eoimner
1080 1610 1218 1669 megnnm
1233 1601 1264 1650 et
1278 1590 1343 1650 ior·

246 1690 307 1745 tent
321 1683 512 1760 demonstret,
528 1705 587 1747 non
601 1696 736 1757 mortens,
753 1686 805 1747 sed
824 1685 1088 1761 insemimlmortis
1101 1683 1289 1761 deprecetur,
1304 1682 1344 1742 le-

243 1776 332 1855 ῥὸαε
356 1786 388 1838 et
406 1778 532 1857 justitie
551 1777 689 1855 judicum
709 1780 832 1841 salutern
853 1788 885 1839 et
903 1778 995 1838 uitem
1017 1776 1188 1848 committit,
1208 1776 1342 1853 nihilque

245 1870 323 1949 petit
339 1869 429 1942 eliud,
453 1890 541 1949 quent
558 1891 596 1931 ne
620 1892 651 1932 se
673 1872 724 1933 ire
749 1883 781 1933 et
803 1872 930 1933 ludibrio
950 1871 1071 1941 inimici,
1085 1869 1115 1929 in
1131 1878 1212 1930 tsnttt
1225 1888 1276 1929 sne
1291 1887 1342 1929 ott·

245 1960 379 2024 hminis
393 1962 456 2025 teti
468 1973 500 2024 et
513 1963 645 2039 ridentis,
659 1964 697 2025 nd
711 1964 889 2044 supplicium
911 1973 942 2023 et
965 1962 1143 2043 implendum
1166 1962 1256 2021 enimi
1277 1961 1343 2021 libi-

244 2052 345 2115 dinem
354 2053 476 2117 dedent.
507 2057 582 2129 thns,
599 2056 670 2135 quid
686 2057 803 2137 gessius
815 2057 852 2116 nd
863 2055 983 2134 judices
996 2054 1160 2115 flectendos
1174 2054 1274 2115 dicere
1286 2074 1342 2133 po·

245 2146 324 2208 tuiti
339 2148 480 2209 'tiliorum
495 2148 574 2209 enirn
588 2150 711 2228 periculi
721 2149 866 2228 adspectu
878 2148 1091 2208 imbecillitetis
1101 2166 1162 2208 sne
1173 2148 1345 2209 recordetur

245 2246 277 2299 et
289 2239 450 2302 indolescit
461 2241 578 2301 enimus
588 2242 741 2302 ismenus.
782 2243 844 2301 Sns'
856 2240 1025 2319 fragilitate,
1038 2260 1093 2300 suo
1105 2239 1209 2299 dolore
1221 2240 1259 2299 nd
1269 2240 1343 2300 elios

241 2331 392 2411 §urendos
402 2332 569 2412 impellitur.
614 2334 646 2395 Si
659 2353 729 2395 vero
744 2333 914 2405 senectutis,
928 2332 1045 2404 mortis,
1064 2331 1233 2403 liberorum,
1246 2332 1346 2391 emim-

243 2423 307 2497 eie,
320 2423 512 2497 fortunarum,
528 2427 655 2489 lrostiutn
669 2426 855 2498 edmonetur,
867 2438 941 2505 tuno
950 2426 1014 2504 jem
1032 2444 1093 2484 non
1106 2423 1145 2483 de
1157 2425 1254 2484 alieno
1268 2423 1345 2503 peri·

244 2518 314 2585 culo
326 2518 470 2580 sollicitus
481 2540 549 2581 esse
560 2522 647 2594 solet,
662 2520 713 2579 sed
729 2520 768 2579 de
780 2520 874 2579 seinte
888 2538 942 2578 sun
956 2529 987 2578 et
1001 2518 1223 2595 ttnnqnillitnts,
1244 2520 1344 2596 opitu·

243 2608 344 2681 leudo,
365 2611 537 2682 resirteudo,
559 2612 657 2670 omnin
677 2609 819 2670 tentando
833 2617 955 2689 pugnet.
997 2612 1076 2670 Bene
1091 2629 1162 2687 ergo
1178 2610 1344 2681 AEsclsioee,

244 2720 312 2779 quoe
335 2702 383 2761 vin
404 2711 506 2781 petest
524 2702 563 2763 ed
587 2700 772 2777 inserendum
794 2702 898 2763 animis
916 2702 1085 2764 enditonrns
1105 2702 1246 2775 dolorem,
1260 2700 1344 2775 irum,

244 2792 383 2855 inridisnr
393 2802 425 2855 et
434 2793 664 2855 misericordium
679 2792 836 2855 intellexit.

647 2996 671 3064 S
688 2996 718 3064 E
733 2996 761 3065 G
776 2998 818 3066 T.
852 2998 939 3067 VII.

660 3138 711 3201 De
718 3140 920 3219 peroratione.
1017 3126 1022 3133 ¹

286 3268 358 3329 Non
367 3266 503 3349 preleeto
515 3267 679 3330 mirendmn
689 3268 778 3341 iuret,
787 3270 813 3331 si
828 3268 1000 3332 AEschinem
1011 3270 1041 3330 in
1055 3268 1114 3329 fine
1124 3268 1289 3331 orttionum
1300 3269 1344 3328 ris

245 3358 296 3421 illu
316 3360 416 3422 divine
437 3360 546 3440 ingenii
562 3358 714 3435 deficeret,
734 3372 788 3422 ent
805 3362 870 3441 ipse
890 3362 921 3422 in
940 3364 1022 3423 exitu
1037 3363 1082 3421 sui
1096 3360 1243 3422 dissimilis
1256 3369 1346 3425 esset.

245 3454 325 3515 Nem
339 3462 370 3515 st
382 3473 531 3515 comment
544 3463 634 3515 rnetts
647 3456 849 3534 propinquum
862 3456 982 3535 spiritns
996 3454 1131 3535 viresque
1144 3454 1298 3528 deficiunt,
1313 3462 1346 3516 et

244 3546 401 3609 nudsoittm
421 3546 521 3607 militis
541 3546 588 3607 rel
597 3544 751 3609 fortissimi
771 3548 866 3609 lrostis
883 3548 1045 3627 pertineoie
1062 3558 1095 3608 et
1111 3548 1251 3609 rtroeitss
1262 3566 1345 3608 eorn-

245 3658 369 3719 peseere
388 3648 419 3701 et
440 3639 574 3718 frangere
587 3639 675 3701 solet.
716 3642 759 3702 At
772 3639 821 3701 lrio
834 3648 934 3700 orntor
947 3658 1003 3701 neo
1018 3639 1139 3719 premio
1153 3659 1209 3701 nee
1222 3640 1345 3701 victorie

245 3730 388 3809 oeiqnn
407 3732 499 3805 nerlii,
520 3732 572 3793 sed
591 3732 692 3793 hostes
708 3732 773 3811 jein
785 3732 958 3812 proligrtos
971 3741 1002 3795 et
1014 3751 1133 3794 eversos
1145 3732 1345 3811 persequitur,

245 3823 376 3904 mrigtir
396 3823 530 3896 inheret,
542 3824 608 3885 telis
628 3824 755 3885 residuis
774 3834 872 3905 urget,
888 3833 919 3885 et
932 3826 1065 3904 undique
1080 3846 1112 3886 se
1126 3834 1221 3885 tutum
1235 3824 1345 3885 reddit.

247 3916 285 3979 ln
297 3916 349 3977 illu
361 3916 452 3997 igitur
470 3917 604 3977 oretione
622 3916 653 3977 in
673 3916 873 3989 Timerelrnnt,
894 3917 1131 3978 commemorrtis
1151 3916 1275 3997 legilrns,
1294 3914 1347 3976 de·

245 4018 407 4073 mutuate
425 4009 470 4071 rei
488 4009 689 4089 improbitate,
711 4018 900 4089 prumam
914 4010 1091 4072 enotoritete
1106 4010 1234 4083 subluto,
1246 4008 1346 4069 erimi-

247 4120 318 4165 nu
342 4102 573 4182 magnitudinem
599 4111 698 4182 ειμι,
719 4102 882 4165 Timerolro
900 4104 1001 4177 instet,
1020 4102 1142 4180 judiees
1162 4102 1293 4164 concitet
1314 4110 1347 4163 et

245 4202 349 4267 toret,
368 4194 445 4255 mele
463 4194 610 4255 sectorum
632 4194 844 4274 turpitudinen
864 4216 967 4257 eorum
978 4196 1084 4257 animis
1098 4194 1204 4275 intigit,
1217 4194 1347 4257 breviter

246 4306 361 4359 eornm,
383 4306 454 4366 que
473 4286 779 4360 dixerat,rnenorirm
798 4298 927 4363 renunt,
952 4305 1045 4366 seque
1065 4308 1170 4349 eorum
1192 4289 1346 4349 sententie

174 4420 179 4427 ·
245 4378 350 4445 edem
365 4378 502 4459 jndieenr
521 4378 722 4461 laurentum
740 4392 775 4442 et
794 4399 927 4442 severum
940 4380 1089 4442 liberrime
1101 4378 1268 4459 profitetur.
1309 4380 1345 4439 le

185 4502 188 4509 ·
238 4471 380 4562 'eudone
398 4468 437 4535 de
456 4470 530 4541 idne
543 4472 700 4553 legetione,
714 4472 744 4535 in
757 4492 816 4553 qne
829 4472 869 4535 de
881 4473 986 4546 seinte,
1000 4470 1079 4535 ierne
1091 4483 1123 4535 et
1137 4471 1263 4535 fortunis
1283 4490 1346 4533 oer-
