3050 4909
487 718 664 785 REISKll
677 720 932 794 ,PRAEFATIO

271 941 358 1023 ιι)
398 940 718 1027 alsuanum
753 884 1148 1027 νιιιιιιιιιιιιι

486 1191 529 1250 ΙΝ
557 1189 764 1253 AESCHlNlS
794 1188 932 1249 Llssltls

552 1392 866 1468 LECTIONUM.

654 1625 774 1639 ..nn

167 1769 266 1838 Quas
275 1770 332 1831 hoc
343 1770 446 1829 libello
452 1770 736 1850 exposuil'ariantea
746 1771 904 1829 lectiones
913 1770 1091 1842 AEaohineae,
1103 1783 1259 1850 antequam

168 1864 205 1921 sd
220 1881 270 1923 eas
284 1864 504 1941 cognoscendas
520 1862 713 1924 admittantur
725 1862 872 1923 AEschinis
887 1862 1021 1933 studiosi,
1036 1862 1163 1923 docendi
1178 1877 1259 1935 suut,

168 1956 276 2033 quibas
287 1976 309 2015 c
316 1954 401 2015 libris
414 1975 463 2015 eas
477 1955 634 2015 hauserim.
675 1954 795 2015 Fundus
804 1953 861 2013 luit
872 1954 1007 2013 columen
1018 1954 1046 2012 io
1058 1954 1172 2015 schedis
1182 1956 1260 2034 Tay·
1369 2032 1372 2045 Ι

168 2047 276 2106 Ιοιιιιιίι
285 2046 420 2107 londino
433 2047 472 2107 ad
482 2068 526 2107 me
535 2048 692 2127 perlatum,
700 2047 782 2126 qnod
796 2045 932 2107 volumen
947 2056 1026 2105 tenet
1036 2047 1149 2105 evulsas
1160 2068 1176 2106 e
1186 2049 1260 2106 Cor·

167 2160 240 2219 pore
251 2142 426 2201 (amentum
436 2153 587 2201 oratorum
599 2143 741 2201 uiuorum
751 2140 933 2219 Stephsnlco
947 2139 1024 2199 solas
1040 2138 1186 2198 AEschinis
1196 2158 1261 2199 ora·

167 2233 273 2302 tiones,
291 2234 401 2293 chartis
421 2232 537 2293 insertis
554 2233 719 2304 distinctas,
734 2234 842 2311 quibus
857 2232 964 2292 chartis
984 2231 1260 2309 TaylorVarisntes

166 2323 324 2401 adscripsit
335 2324 518 2384 lectionesa
531 2344 563 2384 se
574 2335 707 2403 repertas
718 2325 753 2384 iis
762 2326 792 2383 in
804 2324 969 2394 codicibus,
979 2343 1102 2397 quornm
1111 2324 1166 2402 ipsi
1175 2325 1260 2403 copia

167 2414 232 2475 fuit.
273 2417 361 2484 Quos
379 2417 499 2477 codices
518 2417 609 2495 paulo
630 2426 700 2495 post
721 2416 889 2475 nominabo.
932 2414 1085 2473 Falluotnr
1105 2415 1193 2481 euim,
1210 2416 1261 2492 qui

166 2508 343 2581 existimant,
356 2530 415 2587 quo
431 2510 462 2569 in
481 2528 578 2569 errore
593 2519 709 2587 egomet
727 2508 791 2587 ipse
807 2527 926 2585 quoqne
945 2506 1012 2565 olim
1033 2506 1086 2576 tui,
1103 2516 1259 2584 autequam

166 2599 285 2659 schedis
305 2601 422 2679 Taylori
442 2601 563 2679 potirer,
583 2620 601 2660 a
621 2600 792 2660 doctissimo
807 2598 955 2659 AEschiuis
968 2598 1081 2659 editore
1106 2597 1261 2657 Lectiones

167 2691 337 2751 AEschineas
349 2711 461 2764 omnes,
474 2693 505 2751 in
517 2692 758 2753 annotationibus
772 2692 838 2768 ejus
851 2690 995 2751 exhibitas
1009 2689 1109 2750 luisse.
1151 2690 1260 2768 Taylor

166 2782 314 2842 enimvero
327 2776 545 2860 partem‘earnm
560 2784 755 2857 solummodo,
765 2784 812 2843 vir
826 2784 951 2855 tertiam,
963 2784 1111 2843 retulerat.
1152 2783 1187 2841 lu
1203 2782 1259 2841 boc

165 2884 264 2934 autem
278 2875 418 2953 Stephani
430 2877 596 2953 exemplum
610 2876 776 2937 contulerat
795 2875 967 2936 collationes
983 2875 1131 2947 codicum,
1147 2872 1258 2935 Loche·

166 2969 239 3040 rani,
254 2968 421 3048 Harleyani,
435 2980 514 3029 etex
533 2980 617 3049 parte
632 2970 783 3031 Meadiani
804 2988 935 3047 quoqne,
946 2968 1074 3047 denique
1090 2966 1260 3027 bernardini

166 3060 264 3119 etiam.
288 3060 487 3122 EMeadiano
501 3062 705 3123 tantummodo
720 3062 861 3121 lectiones
874 3061 911 3119 ad
924 3059 1086 3119 orationem
1102 3057 1259 3119 secundnm

166 3164 197 3213 et
210 3154 325 3213 tertiam
342 3154 520 3233 pertinentes
537 3155 606 3215 hoio
619 3154 799 3231 Stephanino
813 3151 949 3229 exemplo
962 3150 1178 3227 adscripscrat:
1192 3168 1258 3211 nam

166 3244 204 3303 ad
220 3244 340 3321 primam
355 3246 536 3321 pertinentes
546 3244 685 3303 retulerat
694 3243 733 3303 sd
747 3241 826 3303 aliud
842 3244 990 3310 volumen,
1005 3240 1198 3306 chartisitem
1214 3240 1260 3299 di-

167 3338 318 3409 stinctum,
331 3343 433 3394 tenens
444 3336 610 3412 exemplum
618 3332 759 3395 orationis
773 3333 801 3395 in
816 3333 1004 3393 Timarchum
1018 3351 1036 3389 n
1051 3351 1082 3391 ae
1096 3332 1194 3392 edita.
1225 3332 1259 3391 lu

167 3429 224 3491 lroc
243 3425 409 3504 exemplum
429 3426 569 3489 editionis
588 3426 761 3505 Tsyloranae
784 3425 953 3502 conjecerat
971 3434 1082 3503 practer
1097 3423 1260 3487 Varietate·

167 3520 314 3580 Lectionis
325 3517 456 3579 ecodice
468 3517 815 3597 Mendianndepromtas,
823 3518 910 3578 etiam
922 3516 1041 3580 Scholia
1050 3516 1087 3575 ad
1099 3515 1261 3579 orationem

167 3611 380 3680 Timarcbeam,
391 3627 409 3669 a
422 3608 487 3670 solo
501 3608 606 3669 codice
617 3609 776 3669 Mendinno
791 3608 989 3691 suppeditata.
1031 3608 1260 3667 Scholis.autern

166 3723 182 3761 e
198 3701 379 3762 Bernsrdino
393 3700 549 3779 depromta
558 3701 588 3761 in
603 3701 654 3761 illo
665 3702 759 3761 altero
773 3701 920 3763 volumine
932 3699 1114 3778 Stephaniuo
1125 3716 1261 3759 exarsae*

166 3804 221 3855 rat.
263 3793 385 3853 Codicis
406 3792 556 3869 hiesdiani
574 3792 650 3854 hano
672 3792 737 3871 ipse
760 3793 895 3852 notitiam
917 3791 1046 3870 reliquit.
1090 3790 1186 3870 [Cod.·
1196 3790 1261 3849 Viri

165 3885 430 3964 precellentissimi
441 3885 508 3945 liic.
522 3884 612 3945 Mesd
634 3884 725 3949 Med..
734 3884 773 3945 D.
794 3884 949 3954 Archiatri
967 3882 1173 3961 bombycinus,
1188 3882 1260 3942 scri·

163 3990 234 4056 ptus
250 3995 335 4046 mano
348 3975 487 4055 eleganti,
501 3975 553 4037 sed
568 3978 735 4050 recentiori,
751 3978 781 4036 in
791 3976 881 4048 lolio,
894 3994 962 4035 cum
978 3976 1098 4035 scholiis
1118 3976 1261 4054 margins·

164 4072 253 4142 libus,
266 4069 473 4149 complectitur
493 4075 522 4129 1.
543 4070 689 4130 AEscbinia
706 4074 834 4150 or..rrepi
850 4066 1046 4147 coporpcrli„
1067 4075 1096 4130 2.
1117 4072 1180 4150 rapi
1201 4094 1263 4130 urr-

165 4165 265 4243 φόνου,
296 4167 326 4224 8.
348 4162 491 4242 epistolas
514 4163 596 4234 llll„
614 4173 645 4223 et
659 4163 766 4224 deinde
786 4182 874 4233 manu
892 4164 1076 4241 aliquantum
1097 4164 1214 4225 diuersa
1230 4172 1261 4229 ⁴.

165 4256 326 4327 orationem
340 4254 370 4319 in
384 4253 591 4327 Timarchum
613 4262 643 4316 b.
665 4255 842 4333 Pythagorae
862 4274 950 4315 aurea
973 4257 1111 4327 carmina,
1139 4262 1169 4315 6.
1191 4256 1262 4315 ilie,

166 4347 254 4411 toclis
270 4345 489 4411 commentati
508 4347 559 4408 ills
579 4346 718 4408 carmina.
749 4340 839 4407 ¹Arne
859 4347 1018 4407 orationem
1038 4348 1161 4426 primam
1174 4366 1260 4423 argu.

163 4448 347 4507 mentuunt
357 4455 539 4523 ιῆςιιιιριιιιρ.
545 4441 632 4518 cuius
638 4439 753 4503 initium
760 4442 905 4514 Ἀθηναῖοι
913 4438 1043 4531 hrttnp
1048 4442 1259 4519 πολεμήσαντειι

715 4538 734 4595 3
749 4548 769 4600 i'
