3050 4909
578 308 616 378 0.
640 310 677 378 F.
700 308 922 377 MA'l'lHAEI
953 301 959 307 ’

597 536 665 602 SE
685 534 714 600 G
734 528 776 603 Τ.
815 535 883 601 ΙΙΙ.

618 697 667 757 De
682 694 874 757 sublimitate.

236 840 417 912 Sublimitas,
432 840 470 901 de
493 856 553 918 qua
567 858 646 901 nuno
666 838 767 901 dicere
786 836 911 909 institui,
929 844 977 897 est
989 856 1024 895 ea
1038 834 1178 897 orationis
1193 834 1296 906 virtus,
1393 828 1399 839 '

196 955 263 1013 quse
286 952 453 1012 magnarum
476 950 573 991 rerum
597 933 737 1003 notiones
754 929 856 991 efficit.
897 928 997 1005 Hujus
1017 926 1132 989 virtutis
1153 934 1235 987 tanta
1252 935 1299 987 est

193 1029 249 1105 vis,
268 1035 349 1087 tentas
369 1026 431 1085 laus
450 1034 481 1085 et
494 1024 723 1097 commendatio,
739 1033 773 1084 ut
794 1021 978 1083 hauddubie
1000 1022 1079 1081 nulla
1098 1020 1156 1079 alia
1176 1020 1297 1098 reperiri

195 1118 301 1197 possit,
314 1137 382 1197 quse
397 1116 487 1196 magis
502 1117 540 1177 ad
551 1117 729 1185 docendum,
738 1113 947 1175 delectandum
961 1122 991 1172 et
1006 1111 1180 1173 movendum
1190 1111 1298 1172 valeat.

196 1212 377 1273 Hacorator
391 1210 535 1291 praeditus
553 1207 748 1270 certissimam
766 1214 798 1266 et
818 1204 899 1265 omni
920 1205 1142 1282 comparatione
1157 1203 1298 1280 majorem

194 1312 328 1385 reportat
341 1302 493 1365 victoriam
507 1309 539 1362 et
552 1302 715 1379 praemium.
756 1298 827 1359 Vidi
841 1317 932 1377 saepe,
945 1317 1015 1358 oum
1028 1296 1166 1375 quasdam
1177 1297 1218 1356 ab
1230 1314 1298 1355 ora-

195 1399 309 1460 toribus
330 1396 501 1457 dicerentur
521 1394 699 1471 sublimiter,
723 1392 892 1453 auditorum
915 1410 969 1450 orn
987 1389 1138 1469 pallentis,
1161 1388 1298 1468 spiritum

196 1490 374 1572 praeclusum
389 1496 420 1549 et
433 1503 543 1557 rarum,
559 1486 710 1547 silentium
727 1486 821 1546 altum
840 1492 871 1545 et
890 1492 1047 1544 attentum.
1087 1482 1157 1550 Quo
1169 1480 1298 1557 judicio,

196 1585 269 1667 quid
285 1582 380 1661 majus
392 1592 444 1643 aut
458 1580 651 1642 excellentius
664 1581 760 1661 possit
774 1578 921 1658 intelligit
943 1575 1151 1655 Incorruptum'
1164 1575 1242 1636 enim
1253 1584 1300 1635 est

197 1688 228 1739 et
241 1676 365 1736 liberum
379 1683 410 1735 et
423 1674 462 1734 ab
477 1674 557 1734 omni
571 1672 748 1734 adulationis
762 1672 931 1752 suspicione
944 1670 1168 1731 remotissimum
1188 1678 1220 1729 et
1237 1670 1300 1748 glo-

197 1770 305 1831 riosum
327 1786 385 1828 non
407 1767 501 1827 solnm
524 1766 569 1838 iis,
592 1766 644 1846 qui
662 1765 824 1847 accipiunt,
844 1783 946 1825 verum
968 1763 1065 1824 etiom'
1079 1762 1131 1842 qui
1154 1761 1300 1822 tribuunt.

197 1862 317 1923 Scilicet
329 1859 406 1921 inest
420 1859 451 1919 in
464 1860 594 1920 omnium
609 1859 713 1920 animis
727 1878 745 1919 a
759 1867 863 1919 ustura
877 1858 1005 1918 donatus
1020 1856 1136 1916 bonesti
1148 1874 1220 1917 acer
1232 1874 1299 1915 sen·

198 1973 258 2025 sus,
268 1953 330 2033 qui,
342 1953 367 2013 si
377 1953 416 2013 sb
425 1961 542 2014 oratore
552 1952 699 2013 excitatur
707 1959 737 2013 et
748 1951 929 2023 accenditur,
940 1950 1017 2011 vires
1026 1949 1114 2010 sumit
1124 1957 1155 2009 et
1164 1948 1300 2026 erumpit.

199 2046 294 2125 Atqui
321 2056 352 2105 et
373 2045 429 2105 bao
451 2044 558 2105 virtute
581 2044 748 2107 AEschiuenr
770 2054 914 2123 praestare
938 2043 1080 2103 videmus.
1121 2041 1198 2111 Quis
1221 2040 1300 2102 eninr

198 2160 259 2201 nou
280 2146 434 2198 moveatur
448 2147 478 2197 et
500 2137 625 2198 oratoris
645 2139 832 2199 honestatem
845 2137 1022 2213 virtutisque
1035 2134 1239 2195 excellentiam
1253 2154 1301 2193 su·

109 2274 111 2279 -
199 2232 305 2312 spiciat
316 2240 347 2291 et
360 2229 532 2307 admiretur,
546 2250 613 2291 cum
624 2230 696 2309 legit
708 2250 753 2302 ea,
770 2250 838 2309 quse
849 2224 1002 2291 AEsobines
1011 2236 1116 2289 contra
1130 2226 1302 2306 improbite-

198 2334 256 2385 tem
280 2322 446 2383 sublimiter
460 2323 534 2384 dixit
547 2328 586 2402 (κ.
599 2322 727 2404 Τιμάρχ.
742 2333 766 2402 t.
779 2324 832 2393 λζ’.
844 2321 909 2399 tin.)
922 2327 962 2404 μὴ
977 2326 1033 2401 γάρ
1053 2319 1158 2392 οἴεσθε,
1173 2315 1195 2378 d
1211 2319 1301 2393 ’Aip-

201 2425 285 2497 ναῖοι,
294 2423 346 2484 τάς
361 2426 417 2477 τῶν
430 2416 607 2498 ἀδικημάτων
617 2421 711 2503 ἀρχάς
725 2418 782 2479 άπὸ
795 2421 876 2490 θεῶν,
891 2420 957 2477 ἀλλ’
970 2420 1025 2497 ούχ
1041 2418 1086 2475 issr'
1099 2413 1256 2495 ἀνθρώπων
1270 2418 1305 2473 d·

202 2516 336 2587 σελγείας
351 2509 497 2585 γίνεσθαι,
508 2510 579 2587 μηδὲ
591 2510 656 2579 τούς
668 2511 856 2585 ἠσεβηκότας,
866 2510 994 2589 καθάπερ
1007 2510 1038 2568 ἐν
1048 2516 1111 2574 ταῖς
1123 2506 1304 2588 τραγρδίαις,

201 2606 303 2671 ποινὰς
326 2604 455 2662 ἐλαύνειν
477 2604 523 2661 καί
541 2604 668 2673 κολάζειν
690 2604 775 2683 δᾳσὶν
793 2606 943 2681 ἡμμέναις,
957 2602 1024 2659 ἀλλ’
1038 2601 1069 2658 oi
1088 2608 1235 2678 προπετεῖς
1256 2608 1305 2660 τοῦ

203 2704 331 2777 σώματος
343 2694 453 2767 ἡδοναί,
467 2698 513 2754 καὶ
526 2694 558 2755 τὸ
571 2693 658 2775 μηδὲν
670 2694 768 2755 ἱκανὸν
778 2692 1024 2769 ἣγεῖσθαι,ται”ιτα
1037 2697 1142 2773 πληροῖ
1154 2696 1190 2752 τὰ
1203 2697 1306 2778 ληστη·

199 2813 259 2870 ρια,
276 2790 351 2848 ταῦτ’
365 2790 405 2853 είς
424 2786 474 2847 τὸν
487 2786 709 2865 ἐπακτροκέλητα
723 2784 885 2865 ἐμβιβάζει,
899 2786 990 2845 ταῦτά
1003 2786 1080 2845 ἐστιν
1092 2784 1198 2865 ἑκάστην
1210 2790 1304 2859 πσινι),

199 2892 289 2943 ταῦτα
303 2880 518 2959 παρακελεύεται
532 2887 591 2948 τοῖς
612 2884 686 2947 νέαις
701 2880 834 2960 σφάττειν
853 2877 919 2946 τούς
937 2881 1069 2951 πολίτας,
1083 2880 1229 2958 ύπηρετεῖν
1244 2888 1304 2947 τοῖς

201 2975 359 3053 τυράννοις,
375 2978 581 3047 συγκαταλύειν
595 2974 645 3034 τὸν
659 2974 755 3055 δῆμον.
772 2976 805 3033 ού
824 2977 881 3051 γὰρ
898 2978 950 3046 τὴν
963 2979 1114 3055 αἰσχύνην,
1132 2972 1197 3046 ott,
1210 2978 1230 3034 d
1244 2980 1303 3035 πεί·

120 3072 125 3080 “
202 3090 302 3127 σονται
315 3068 477 3147 ληφθέντες,
499 3067 673 3142 λογίζονται·
692 3068 759 3127 ἁλλ’
778 3066 818 3145 ἐφ’
836 3064 880 3134 οἷς
899 3070 1127 3147 κατορθώσαντες
1148 3065 1305 3146 εύφρανθίη

202 3183 310 3230 σονται,
331 3162 439 3225 τούτοις
460 3162 634 3232 κεκήληνται.
656 3160 781 3239 ἐξαιρεῖτ’
801 3156 861 3232 σύν,
883 3154 906 3220 si
917 3157 1077 3232 Ἀθηναῖοι,
1098 3162 1150 3226 τάς
1170 3164 1304 3228 τοιαύτας

199 3256 307 3332 φύσεις,
319 3253 365 3311 καί
379 3253 415 3311 τά
427 3260 483 3313 τῶν
494 3256 565 3313 νέαν
578 3254 732 3331 ζηλώματα
747 3252 788 3311 ἐπ’
800 3254 902 3331 ἀρετὴν
915 3250 1120 3329 προτρέψασθε.
1160 3252 1237 3323 Jam,
1249 3251 1305 3311 etsi

202 3344 247 3404 vis
266 3342 410 3403 orationis
432 3362 450 3403 a
471 3342 607 3424 quolibet
625 3344 736 3405 lectore
758 3343 845 3404 facile
865 3345 1019 3420 sentietur,
1033 3351 1132 3403 tumen
1151 3362 1228 3422 opus
1248 3344 1305 3404 erit

203 3434 269 3495 baeo
284 3433 461 3507 examinare,
476 3444 510 3495 ut
530 3456 567 3497 ne
580 3447 690 3496 temere
708 3435 919 3496 sublimitatem
941 3436 1011 3496 buio
1024 3435 1092 3496 loco
1111 3436 1248 3514 tribuisse
1261 3436 1305 3496 si-

202 3527 333 3587 deamur.
376 3527 453 3587 Cum
472 3528 561 3605 igitur
574 3529 671 3590 omnis
686 3528 851 3590 sublimitas
872 3528 986 3589 oriatur
1005 3528 1161 3600 extribus,
1180 3529 1305 3607 primunr

202 3641 238 3680 er
262 3618 407 3679 sententia
427 3638 581 3699 generosa,
599 3618 707 3683 deinde
731 3642 769 3681 ex
791 3621 1005 3700 compositione
1028 3620 1195 3701 splendida,
1219 3621 1306 3680 deni·

203 3730 262 3791 quo
277 3730 313 3771 ex
327 3712 425 3771 verbis
444 3714 581 3790 gravibus
603 3722 633 3774 et
651 3713 865 3791 grandioribus,
883 3714 949 3789 jem
969 3712 1009 3774 de
1022 3714 1067 3774 bis
1081 3712 1203 3792 singulis
1218 3732 1310 3792 sepo-.

202 3804 288 3864 ratim
314 3802 484 3865 videndum.
526 3805 609 3874 Quid
634 3825 737 3885 quaeso
762 3806 929 3884 generosius
958 3807 1015 3869 bac
1041 3808 1206 3869 sententia:
1235 3808 1305 3867 Non

205 3906 273 3957 aunt
287 3917 306 3957 a
318 3896 374 3957 diis
388 3900 548 3977 repetenda
562 3901 636 3960 male
649 3899 797 3969 factorum
810 3899 902 3973 initia,
916 3901 969 3962 sed
984 3902 1024 3961 ab
1042 3900 1231 3980 improbitate
1251 3900 1306 3961 bo·

204 3990 324 4049 minum.
367 3990 444 4059 Quse
464 4011 553 4069 porro
567 3993 750 4072 splendidior
764 3995 954 4073 compositio,
969 4014 1057 4073 quum
1071 4014 1117 4067 es,
1132 4014 1201 4075 quus
1214 4003 1261 4055 est
1273 3994 1303 4053 in

202 4081 247 4140 his
262 4082 376 4143 verbis:
395 4090 485 4142 ταῦτα
498 4088 601 4164 πληροῖ
620 4092 655 4145 rd
671 4090 818 4171 ληστὴρια,
837 4088 913 4146 ταῦτ’
926 4090 968 4153 είς
981 4094 1042 4147 etc.
1055 4094 1087 4145 et
1098 4087 1197 4147 statim
1216 4088 1306 4168 σγάτ·

201 4198 258 4233 σειν
277 4172 342 4241 τούς
356 4175 488 4247 πολίτας,
508 4178 653 4251 ίιπηρετεῖν
663 4188 721 4239 eto.
764 4179 841 4248 Quae
856 4178 983 4257 denique
996 4180 1130 4256 graviora
1145 4178 1236 4239 verba
1249 4178 1305 4240 eli·

200 4285 267 4345 gere
278 4266 377 4343 potuit
389 4276 498 4340 orator,
515 4287 603 4346 quom
619 4270 693 4344 buc,
705 4290 721 4329 e
736 4272 845 4349 quibus
859 4270 1009 4331 difficilius
1022 4280 1067 4331 est
1080 4272 1200 4350 eligere,
1215 4290 1304 4351 quum

201 4357 329 4437 reperire
343 4358 451 4435 gravia.
493 4360 535 4419 Ex
557 4361 631 4421 locis
656 4361 801 4422 similibus
824 4382 914 4421 unum
933 4362 1034 4422 adbuc
1055 4364 1303 4433 commemorabo,

202 4450 254 4528 qai
267 4450 305 4510 ab
319 4449 421 4511 eadem
435 4452 543 4513 virtute
557 4453 790 4517 commendatur.
835 4454 916 4515 Dicit
933 4453 1036 4533 aliquo
1049 4454 1078 4516 in
1093 4457 1161 4519 loco
1178 4460 1217 4535 (κ.
1231 4456 1308 4529 Κτη-
