3050 4909
475 356 539 425 DE
562 352 779 424 AESCHINE
801 293 1035 422 ORATORE.
1219 374 1308 422 xxxv

193 516 336 580 umbonis
362 522 569 597 argumentum
590 514 842 579 accommodatius
863 514 1055 595 criminisque
1075 514 1309 594 magnitudlnem

194 608 420 692 significandam
434 609 607 673 efficaciusi
627 610 737 671 Nonne
754 626 823 671 cum
834 628 868 669 se
881 610 1067 671 moderatum
1084 618 1118 671 et
1129 606 1308 689 ἀπράγμονα

193 713 226 765 et
248 703 419 783 reipublice
437 713 585 765 amantem
606 701 748 773 ostendit,
761 701 821 761 sibi
839 701 940 763 reddit
958 702 1108 762 auditores
1120 700 1310 762 benevolosi

194 797 272 857 Cum
291 795 463 875 reipublice
481 794 646 875 periculum
662 814 680 856 a
700 793 861 855 Timarcho
875 793 1026 855 imminere
1039 794 1140 866 docet,
1155 794 1309 857 attentost

192 888 282 961 Cum,
297 887 336 949 de
350 888 459 967 quibus
473 888 511 947 sit
524 886 671 964 dicturus,
685 886 793 965 aperit,
807 886 945 949 docilesl
983 887 1061 948 'l'um
1083 886 1177 947 altera
1193 886 1309 950 exordii

194 1002 274 1063 pers,
290 1002 360 1061 qnae
374 982 506 1061 pertinet
525 981 564 1041 ad
583 980 675 1042 verbu
689 983 737 1040 καὶ
753 982 830 1060 ὑμᾶς
844 984 937 1043 airas
950 982 1020 1059 (τῶν
1033 982 1308 1060 cimmerium

194 1076 337 1158 φύλακας,
358 1074 410 1137 ubi
429 1073 641 1135 democratiam
656 1073 756 1154 legum
778 1075 957 1137 auctoritate
976 1073 1086 1146 fnlciri,
1101 1075 1245 1139 malorum
1261 1074 1308 1136 ci·

194 1168 274 1230 riom
290 1168 385 1248 pranis
404 1168 444 1231 ab
463 1168 584 1229 interitu
597 1167 749 1240 vindicari,
764 1176 796 1228 et
813 1166 998 1246 legislatores
1016 1166 1125 1227 civium
1139 1161 1306 1246 disciplinas

194 1263 352 1324 maximam
367 1282 483 1341 semper
495 1280 596 1323 curam
610 1261 736 1339 gessisse
750 1260 852 1331 docet,
867 1261 910 1321 ita
920 1279 979 1321 non
988 1260 1306 1339 solumaptccohaeret

193 1376 262 1417 cum
272 1356 386 1434 reliqua
397 1356 541 1427 oratione,
552 1354 603 1414 sed
617 1364 648 1413 et
659 1354 736 1413 banc
747 1352 916 1432 opinionem
929 1352 959 1413 in
968 1352 1125 1431 judicibus
1137 1352 1259 1425 excitat,
1272 1362 1307 1413 ut

193 1458 312 1527 putent,
336 1469 369 1509 se
393 1468 453 1509 non
475 1447 514 1507 de
538 1447 633 1508 salute
655 1446 741 1507 unius
763 1446 901 1519 bominis,
917 1445 973 1509 sed
987 1446 1026 1525 de
1039 1447 1178 1507 libertate
1191 1463 1305 1524 suaque

192 1542 324 1620 ipsorum
344 1540 437 1603 salute
452 1540 602 1619 judicare.
645 1538 828 1599 lucratione
843 1539 883 1599 de
894 1538 971 1627 ¹falsa
991 1538 1138 1617 legatione
1151 1538 1252 1599 statim
1264 1539 1307 1599 ab

193 1636 280 1698 initio
300 1635 441 1714 judices„
454 1634 658 1714 magnitudine
680 1633 807 1711 periculi
828 1632 875 1694 sui
895 1641 928 1695 et
947 1633 1108 1695 adversarii
1130 1632 1258 1695 audacia
1275 1641 1308 1695 et

193 1729 373 1791 crudelitate
397 1727 638 1800 demonstranda,
661 1727 693 1787 in
716 1746 784 1788 anas
811 1737 912 1808 partes
936 1729 1037 1802 trabit,
1060 1732 1213 1791 sententiis
1230 1750 1250 1791 e
1272 1750 1307 1791 re

193 1821 325 1906 natisyet
344 1821 466 1882 utilibus
483 1820 586 1891 docet,
605 1820 801 1903 Demostheni
820 1820 913 1881 tidem
937 1821 1072 1902 derogat,
1093 1823 1241 1902 παράδοξα
1262 1823 1307 1884 di·

193 1912 292 1976 cando
300 1914 421 1993 judices
430 1912 529 1978 reddit
542 1920 683 1985 attentos,
704 1912 827 1974 crimina
841 1913 942 1996 diluit,
955 1913 1098 1976 fiduciam
1111 1934 1176 1994 prae
1188 1936 1222 1976 se
1235 1914 1317 1991 fert,

192 2006 392 2068 accusationis
413 2006 485 2067 vitia
508 2004 649 2077 ostendit,
664 2013 695 2065 et
716 2023 747 2064 se
765 2004 805 2065 ad
826 2007 924 2068 omnia
937 2006 1082 2087 deinceps
1094 2026 1306 2087 responsurum

192 2100 350 2179 promittit.
376 2100 482 2161 Restat
494 2097 615 2158 tertium
628 2096 784 2159 exordium
797 2100 940 2161 orationis
953 2110 1059 2161 contra
1068 2100 1306 2180 Ctesiphontem.

192 2193 255 2263 Qui
268 2194 326 2253 hoc
339 2191 505 2263 exordium,
519 2195 558 2258 eie
571 2191 706 2270 τραγικὸν
720 2195 770 2251 καὶ
783 2193 913 2272 περιττὸν
925 2196 972 2253 eal
983 2194 1110 2276 ἐπιλόγῳ
1121 2199 1237 2274 μᾶλλον
1250 2196 1307 2255 los·

192 2286 241 2354 erle
255 2286 518 2365 reprehenderunt,
532 2288 572 2360 (u.
586 2284 766 2363 argument.)
783 2284 805 2343 ii
827 2304 883 2345 nec
903 2286 1043 2346 uidentur
1062 2286 1210 2366 cogitasse
1222 2285 1306 2347 aliud

190 2378 346 2441 exordium
361 2377 520 2439 convenire
537 2377 729 2437 vehementia
748 2378 917 2458 accusantis
938 2386 971 2439 et
989 2378 1179 2441 defendentis
1201 2380 1306 2441 mode·

190 2472 266 2543 stim,
275 2491 331 2532 nec
342 2470 521 2533 intellexisse
533 2488 610 2549 opus
624 2467 724 2540 fuisse,
734 2480 768 2531 ut
777 2479 878 2533 orator
890 2470 1140 2550 crimenaugeret.
1156 2474 1215 2533 Res
1226 2473 1304 2536 enim

191 2565 224 2625 iu
237 2574 321 2627 tauta
334 2563 508 2644 reipublicae
522 2561 744 2641 perturbatione
758 2572 790 2625 et
809 2562 1029 2627 calamitatibus
1048 2565 1260 2644 negligebatur,
1274 2576 1305 2627 et

193 2656 422 2731 Demosthenes,
438 2672 528 2737 quem
542 2664 700 2717 accusator
720 2657 844 2720 maxime
858 2658 991 2737 petebat,
1005 2658 1047 2719 ob
1062 2678 1168 2739 magua
1181 2659 1304 2733 inrem-

191 2750 344 2833 publicam
363 2749 509 2813 beneticia
527 2760 558 2815 et
578 2748 781 2829 eloquentiam
800 2750 989 2829 diligebatur.
1032 2751 1114 2832 Ergo
1131 2772 1209 2832 opus
1229 2762 1304 2827 erat,

192 2852 228 2906 ut
243 2844 398 2905 AEschines
414 2844 495 2903 omni
510 2844 598 2905 modo
611 2842 723 2903 crimen
741 2852 865 2922 augeret
882 2851 914 2905 et
932 2842 1106 2924 reipublice
1125 2845 1250 2905 salutem
1273 2845 1304 2907 iu

192 2956 294 2998 mere
303 2936 477 3017 judicandis
489 2936 665 3019 παρανόμων
678 2944 808 3019 γραφαῖς
821 2936 950 3018 positam
962 2956 1028 3001 este
1040 2938 1172 3000 duceret.

611 3148 776 3216 sucu.
810 3148 882 3217 111.
964 3107 976 3127 ’

619 3288 670 3349 De
683 3263 869 3349 murima.

233 3417 372 3480 Narratio
392 3427 439 3479 est
453 3418 496 3479 rei
509 3425 601 3495 gestae
613 3419 654 3480 ad
668 3419 869 3503 cognitionem
887 3439 986 3482 cause
1005 3431 1037 3483 et
1050 3418 1178 3481 dicentis
1192 3418 1303 3480 nuliu-

193 3522 252 3573 ten
266 3518 438 3592 comparata
450 3511 622 3589 explicatio.
654 3513 699 3571 ·ln
715 3512 758 3573 eis
773 3522 842 3573 sunt
861 3512 1013 3592 quaedam,
1035 3512 1087 3573 ubi
1104 3520 1206 3573 orator
1226 3510 1302 3572 nihil

192 3604 250 3665 nisi
263 3614 364 3685 partes
378 3604 421 3664 tei
435 3613 528 3685 gestae
548 3604 730 3668 necessarias
745 3606 872 3668 breuiter
886 3618 917 3667 et
930 3606 1088 3687 perspicue
1100 3605 1246 3686 deinceps
1255 3624 1303 3667 or·

192 3696 263 3758 dine
276 3698 408 3777 exponit,
423 3698 500 3770 aliae,
514 3697 551 3759 ad
566 3717 642 3777 quas
658 3699 715 3759 aihi
730 3698 947 3778 praeparatione
961 3700 1130 3761 auditorum
1142 3699 1222 3761 viam
1235 3721 1301 3762 mu·

191 3792 246 3863 nit,
268 3791 477 3870 impedimenta
497 3801 639 3865 removet,
654 3793 835 3872 argumentis
847 3793 1013 3871 interjectis
1027 3792 1136 3866 firmat,
1150 3796 1304 3857 sententiis

190 3886 327 3957 illustrat,
343 3886 474 3947 moribus
488 3884 687 3947 admiscendis
705 3885 878 3964 probabiles
897 3898 929 3947 et
944 3886 1097 3965 jucundas
1116 3888 1226 3963 reddit,
1248 3886 1302 3951 ad·

189 3980 386 4039 versariorum
401 3978 525 4039 crimina
538 3990 639 4059 auget,
653 3988 685 4042 et
696 3980 778 4040 omni
792 3980 881 4041 ωοάο
895 3981 1009 4043 utiliter
1021 3982 1060 4044 ad
1071 4002 1192 4045 causam
1205 3983 1308 4047 ornat*

189 4072 241 4132 Sic
254 4074 284 4131 in
299 4072 431 4133 oratione
443 4071 482 4133 de
496 4072 571 4132 t'alsa
586 4072 732 4151 legatione
747 4072 915 4135 narratiom
928 4074 1059 4154 simplici
1071 4087 1105 4137 et
1121 4086 1226 4158 aperta
1244 4078 1303 4138 do·
1329 4124 1332 4128 J
1436 4146 1441 4149 ,

188 4176 250 4239 cet,
263 4184 324 4225 non
338 4185 381 4243 se,
400 4166 458 4227 sed
473 4166 674 4245 Philocratem
687 4177 718 4228 et
739 4167 971 4229 Demosthenem
986 4178 1124 4233 auctores
1138 4171 1221 4251 pacis
1231 4191 1301 4233 cum

189 4258 330 4339 Philippo
348 4258 450 4319 tuisse.
492 4260 567 4321 Mox
589 4260 658 4321 huic
680 4260 842 4321 narrationi
859 4262 954 4323 nectit
969 4262 1057 4323 aliam
1076 4264 1250 4327 instructam
1270 4274 1303 4325 et

188 4361 324 4413 ornatam
344 4351 384 4412 de
391 4352 450 4426 iis,
470 4372 538 4433 qum
558 4352 640 4415 iacta
659 4362 745 4415 erant
757 4373 777 4417 a
789 4354 819 4413 X
834 4354 892 4416 illis
907 4356 1013 4435 legatis
1026 4355 1065 4416 ad
1079 4357 1248 4437 Philippum
1259 4358 1302 4418 'rle

188 4446 271 4508 bello
283 4448 495 4526 componendo
513 4448 619 4521 missia,
634 4446 703 4509 inde
722 4448 762 4508 ab
780 4448 885 4511 itinera
903 4449 943 4510 ad
958 4449 1136 4528 legationem
1151 4450 1301 4530 usquead

186 4538 317 4603 reditum
336 4550 369 4601 et
380 4538 537 4619 legationis
549 4540 681 4605 redditas
698 4540 824 4603 Athenis
844 4540 984 4605 rationes.
1025 4542 1192 4605 Consilium
1210 4541 1300 4621 hrrjus
