<?xml version="1.0" encoding="UTF-8"?>
<!DOCTYPE html PUBLIC "-//W3C//DTD XHTML 1.0 Transitional//EN"
    "http://www.w3.org/TR/xhtml1/DTD/xhtml1-transitional.dtd">
<html xmlns="http://www.w3.org/1999/xhtml" xml:lang="en" lang="en">
 <head>
  <title>
</title>
<meta http-equiv="Content-Type" content="text/html;charset=utf-8" />
  <meta name='ocr-system' content='tesseract 3.04.00' />
  <meta name='ocr-capabilities' content='ocr_page ocr_carea ocr_par ocr_line ocrx_word'/>
</head>
<body>
  <div class='ocr_page' id='page_1' title='image "./demosthenisetsc00unkngoog_0042.png"; bbox 0 0 3050 4909; ppageno 0'>
   <div class='ocr_carea' id='block_1_1' title="bbox 207 232 970 312">
    <p class='ocr_par' dir='ltr' id='par_1_1' title="bbox 207 232 970 312">
     <span class='ocr_line' id='line_1_1' title="bbox 207 232 970 312; baseline -0.021 0"><span class='ocrx_word' id='word_1_1' title='bbox 207 245 299 312; x_wconf 80' lang='lat' dir='ltr'><strong>xxxii</strong></span> <span class='ocrx_word' id='word_1_2' title='bbox 582 238 621 303; x_wconf 92' lang='lat' dir='ltr'><strong>C.</strong></span> <span class='ocrx_word' id='word_1_3' title='bbox 644 237 681 303; x_wconf 85' lang='lat' dir='ltr'><strong>F.</strong></span> <span class='ocrx_word' id='word_1_4' title='bbox 705 232 927 300; x_wconf 82' lang='lat' dir='ltr'>MATTHAEI</span> <span class='ocrx_word' id='word_1_5' title='bbox 962 241 970 249; x_wconf 87' lang='lat'>&#39;</span> 
     </span>
    </p>
   </div>
   <div class='ocr_carea' id='block_1_2' title="bbox 206 386 1313 849">
    <p class='ocr_par' dir='ltr' id='par_1_2' title="bbox 206 386 1313 849">
     <span class='ocr_line' id='line_1_2' title="bbox 206 386 1310 487; baseline -0.016 -21"><span class='ocrx_word' id='word_1_6' title='bbox 206 407 284 487; x_wconf 90' lang='lat' dir='ltr'><strong>piam</strong></span> <span class='ocrx_word' id='word_1_7' title='bbox 304 400 485 482; x_wconf 85' lang='lat' dir='ltr'><strong>suppeditat,</strong></span> <span class='ocrx_word' id='word_1_8' title='bbox 505 406 536 457; x_wconf 90' lang='lat' dir='ltr'><strong>et</strong></span> <span class='ocrx_word' id='word_1_9' title='bbox 550 396 601 456; x_wconf 89' lang='lat' dir='ltr'><strong>ubi</strong></span> <span class='ocrx_word' id='word_1_10' title='bbox 616 396 751 468; x_wconf 87' lang='lat' dir='ltr'><strong>testibus,</strong></span> <span class='ocrx_word' id='word_1_11' title='bbox 769 386 919 455; x_wconf 79' lang='lat' dir='ltr'><strong>infamiam</strong></span> <span class='ocrx_word' id='word_1_12' title='bbox 934 391 1116 464; x_wconf 85' lang='lat' dir='ltr'><strong>timentibus,</strong></span> <span class='ocrx_word' id='word_1_13' title='bbox 1139 389 1310 460; x_wconf 85' lang='lat' dir='ltr'><strong>destitutus,</strong></span> 
     </span>
     <span class='ocr_line' id='line_1_3' title="bbox 206 484 1312 571; baseline -0.014 -13"><span class='ocrx_word' id='word_1_14' title='bbox 206 495 409 568; x_wconf 79' lang='lat' dir='ltr'><strong>Timarchum,</strong></span> <span class='ocrx_word' id='word_1_15' title='bbox 431 494 554 571; x_wconf 75' lang='lat' dir='ltr'>impurae</span> <span class='ocrx_word' id='word_1_16' title='bbox 571 490 639 549; x_wconf 84' lang='lat' dir='ltr'><strong>uitae</strong></span> <span class='ocrx_word' id='word_1_17' title='bbox 661 497 845 558; x_wconf 88' lang='lat' dir='ltr'><strong>accusatum,</strong></span> <span class='ocrx_word' id='word_1_18' title='bbox 863 486 1040 565; x_wconf 78' lang='lat' dir='ltr'><strong>praejudicio</strong></span> <span class='ocrx_word' id='word_1_19' title='bbox 1058 485 1173 564; x_wconf 87' lang='lat' dir='ltr'><strong>populi,</strong></span> <span class='ocrx_word' id='word_1_20' title='bbox 1194 484 1312 544; x_wconf 90' lang='lat' dir='ltr'><strong>consci-</strong></span> 
     </span>
     <span class='ocr_line' id='line_1_4' title="bbox 209 580 1311 667; baseline -0.012 -17"><span class='ocrx_word' id='word_1_21' title='bbox 209 592 287 650; x_wconf 89' lang='lat' dir='ltr'><strong>entia</strong></span> <span class='ocrx_word' id='word_1_22' title='bbox 299 588 448 667; x_wconf 89' lang='lat' dir='ltr'><strong>judicum,</strong></span> <span class='ocrx_word' id='word_1_23' title='bbox 464 584 550 645; x_wconf 84' lang='lat' dir='ltr'><strong>lamae</strong></span> <span class='ocrx_word' id='word_1_24' title='bbox 572 584 693 643; x_wconf 84' lang='lat' dir='ltr'><strong>veritate</strong></span> <span class='ocrx_word' id='word_1_25' title='bbox 708 592 738 643; x_wconf 88' lang='lat' dir='ltr'><strong>et</strong></span> <span class='ocrx_word' id='word_1_26' title='bbox 757 585 798 653; x_wconf 85' lang='lat' dir='ltr'><strong>vi,</strong></span> <span class='ocrx_word' id='word_1_27' title='bbox 823 580 1036 660; x_wconf 81' lang='lat' dir='ltr'><strong>Euripidisque</strong></span> <span class='ocrx_word' id='word_1_28' title='bbox 1057 580 1190 639; x_wconf 88' lang='lat' dir='ltr'><strong>versibus</strong></span> <span class='ocrx_word' id='word_1_29' title='bbox 1212 589 1311 658; x_wconf 89' lang='lat' dir='ltr'><strong>urget,</strong></span> 
     </span>
     <span class='ocr_line' id='line_1_5' title="bbox 208 672 1312 762; baseline -0.01 -19"><span class='ocrx_word' id='word_1_30' title='bbox 208 702 301 762; x_wconf 88' lang='lat' dir='ltr'><strong>seque</strong></span> <span class='ocrx_word' id='word_1_31' title='bbox 314 681 413 741; x_wconf 89' lang='lat' dir='ltr'><strong>ductis</strong></span> <span class='ocrx_word' id='word_1_32' title='bbox 427 700 443 739; x_wconf 84' lang='lat' dir='ltr'><strong>e</strong></span> <span class='ocrx_word' id='word_1_33' title='bbox 458 686 563 741; x_wconf 86' lang='lat' dir='ltr'><strong>natura</strong></span> <span class='ocrx_word' id='word_1_34' title='bbox 577 676 680 757; x_wconf 88' lang='lat' dir='ltr'><strong>flagitii</strong></span> <span class='ocrx_word' id='word_1_35' title='bbox 694 674 873 755; x_wconf 75' lang='lat' dir='ltr'><strong>argumentis</strong></span> <span class='ocrx_word' id='word_1_36' title='bbox 888 673 928 732; x_wconf 94' lang='lat' dir='ltr'><strong>ob</strong></span> <span class='ocrx_word' id='word_1_37' title='bbox 942 673 1060 734; x_wconf 87' lang='lat' dir='ltr'><strong>testium</strong></span> <span class='ocrx_word' id='word_1_38' title='bbox 1075 672 1205 751; x_wconf 88' lang='lat' dir='ltr'><strong>inopiam</strong></span> <span class='ocrx_word' id='word_1_39' title='bbox 1220 692 1312 733; x_wconf 89' lang='lat' dir='ltr'><strong>excu-</strong></span> 
     </span>
     <span class='ocr_line' id='line_1_6' title="bbox 211 764 1313 849; baseline -0.009 -15"><span class='ocrx_word' id='word_1_40' title='bbox 211 783 267 848; x_wconf 91' lang='lat' dir='ltr'><strong>sat,</strong></span> <span class='ocrx_word' id='word_1_41' title='bbox 288 783 319 833; x_wconf 89' lang='lat' dir='ltr'><strong>et</strong></span> <span class='ocrx_word' id='word_1_42' title='bbox 332 773 443 833; x_wconf 78' lang='lat' dir='ltr'><strong>crimen</strong></span> <span class='ocrx_word' id='word_1_43' title='bbox 457 768 611 849; x_wconf 78' lang='lat' dir='ltr'><strong>probabile</strong></span> <span class='ocrx_word' id='word_1_44' title='bbox 625 768 735 829; x_wconf 84' lang='lat' dir='ltr'><strong>reddit.</strong></span> <span class='ocrx_word' id='word_1_45' title='bbox 777 766 915 827; x_wconf 78' lang='lat' dir='ltr'><strong>Facilitas</strong></span> <span class='ocrx_word' id='word_1_46' title='bbox 933 764 1110 825; x_wconf 88' lang='lat' dir='ltr'><strong>inventionis</strong></span> <span class='ocrx_word' id='word_1_47' title='bbox 1131 764 1313 843; x_wconf 79' lang='lat' dir='ltr'><strong>agnoscitur,</strong></span> 
     </span>
    </p>
   </div>
   <div class='ocr_carea' id='block_1_3' title="bbox 209 857 1324 4487">
    <p class='ocr_par' dir='ltr' id='par_1_3' title="bbox 209 857 1324 4487">
     <span class='ocr_line' id='line_1_7' title="bbox 210 857 1313 939; baseline -0.01 -10"><span class='ocrx_word' id='word_1_48' title='bbox 210 868 235 929; x_wconf 87' lang='lat' dir='ltr'><strong>si</strong></span> <span class='ocrx_word' id='word_1_49' title='bbox 248 876 348 929; x_wconf 86' lang='lat' dir='ltr'><strong>orator</strong></span> <span class='ocrx_word' id='word_1_50' title='bbox 361 865 448 925; x_wconf 90' lang='lat' dir='ltr'><strong>rebus</strong></span> <span class='ocrx_word' id='word_1_51' title='bbox 464 862 542 923; x_wconf 88' lang='lat' dir='ltr'><strong>notis</strong></span> <span class='ocrx_word' id='word_1_52' title='bbox 557 870 587 921; x_wconf 91' lang='lat' dir='ltr'><strong>et</strong></span> <span class='ocrx_word' id='word_1_53' title='bbox 609 860 733 939; x_wconf 82' lang='lat' dir='ltr'><strong>vulgatis</strong></span> <span class='ocrx_word' id='word_1_54' title='bbox 753 869 865 920; x_wconf 90' lang='lat' dir='ltr'><strong>etcum</strong></span> <span class='ocrx_word' id='word_1_55' title='bbox 879 878 970 919; x_wconf 90' lang='lat' dir='ltr'><strong>causa</strong></span> <span class='ocrx_word' id='word_1_56' title='bbox 988 858 1168 936; x_wconf 88' lang='lat' dir='ltr'><strong>conjunctis,</strong></span> <span class='ocrx_word' id='word_1_57' title='bbox 1183 857 1313 936; x_wconf 88' lang='lat' dir='ltr'><strong>ideoque</strong></span> 
     </span>
     <span class='ocr_line' id='line_1_8' title="bbox 210 951 1313 1039; baseline -0.008 -18"><span class='ocrx_word' id='word_1_58' title='bbox 210 961 248 1021; x_wconf 90' lang='lat' dir='ltr'><strong>ad</strong></span> <span class='ocrx_word' id='word_1_59' title='bbox 268 957 504 1039; x_wconf 89' lang='lat' dir='ltr'><strong>persuadendum</strong></span> <span class='ocrx_word' id='word_1_60' title='bbox 526 953 851 1031; x_wconf 88' lang='lat' dir='ltr'><strong>accommodatissimis,</strong></span> <span class='ocrx_word' id='word_1_61' title='bbox 866 951 976 1011; x_wconf 84' lang='lat' dir='ltr'><strong>utiliter</strong></span> <span class='ocrx_word' id='word_1_62' title='bbox 988 961 1020 1011; x_wconf 90' lang='lat' dir='ltr'><strong>et</strong></span> <span class='ocrx_word' id='word_1_63' title='bbox 1036 951 1198 1031; x_wconf 82' lang='lat' dir='ltr'><strong>prudenter</strong></span> <span class='ocrx_word' id='word_1_64' title='bbox 1212 952 1313 1012; x_wconf 91' lang='lat' dir='ltr'><strong>utitur.</strong></span> 
     </span>
     <span class='ocr_line' id='line_1_9' title="bbox 211 1044 1314 1131; baseline -0.01 -16"><span class='ocrx_word' id='word_1_65' title='bbox 211 1050 389 1131; x_wconf 89' lang='lat' dir='ltr'><strong>Hujusmodi</strong></span> <span class='ocrx_word' id='word_1_66' title='bbox 403 1059 471 1111; x_wconf 90' lang='lat' dir='ltr'><strong>sunt</strong></span> <span class='ocrx_word' id='word_1_67' title='bbox 484 1068 530 1125; x_wconf 89' lang='lat' dir='ltr'><strong>ea,</strong></span> <span class='ocrx_word' id='word_1_68' title='bbox 544 1066 612 1127; x_wconf 85' lang='lat' dir='ltr'><strong>quae</strong></span> <span class='ocrx_word' id='word_1_69' title='bbox 627 1047 666 1107; x_wconf 89' lang='lat' dir='ltr'><strong>de</strong></span> <span class='ocrx_word' id='word_1_70' title='bbox 681 1055 778 1107; x_wconf 89' lang='lat' dir='ltr'><strong>statua</strong></span> <span class='ocrx_word' id='word_1_71' title='bbox 792 1044 905 1105; x_wconf 90' lang='lat' dir='ltr'><strong>Solonis</strong></span> <span class='ocrx_word' id='word_1_72' title='bbox 919 1046 1044 1123; x_wconf 90' lang='lat' dir='ltr'><strong>ejusque</strong></span> <span class='ocrx_word' id='word_1_73' title='bbox 1058 1044 1161 1104; x_wconf 92' lang='lat' dir='ltr'><strong>habitu</strong></span> <span class='ocrx_word' id='word_1_74' title='bbox 1176 1044 1314 1104; x_wconf 89' lang='lat' dir='ltr'><strong>modesto</strong></span> 
     </span>
     <span class='ocr_line' id='line_1_10' title="bbox 209 1136 1313 1225; baseline -0.008 -17"><span class='ocrx_word' id='word_1_75' title='bbox 209 1150 240 1208; x_wconf 92' lang='lat' dir='ltr'><strong>ia</strong></span> <span class='ocrx_word' id='word_1_76' title='bbox 264 1144 522 1225; x_wconf 85' lang='lat' dir='ltr'><strong>reprehensionem</strong></span> <span class='ocrx_word' id='word_1_77' title='bbox 545 1138 737 1220; x_wconf 71' lang='lat' dir='ltr'><strong>impudentia.</strong></span> <span class='ocrx_word' id='word_1_78' title='bbox 760 1138 910 1211; x_wconf 82' lang='lat' dir='ltr'><strong>Timarchi</strong></span> <span class='ocrx_word' id='word_1_79' title='bbox 930 1137 1014 1209; x_wconf 80' lang='lat' dir='ltr'><strong>dixit,</strong></span> <span class='ocrx_word' id='word_1_80' title='bbox 1033 1146 1064 1197; x_wconf 89' lang='lat' dir='ltr'><strong>et</strong></span> <span class='ocrx_word' id='word_1_81' title='bbox 1086 1137 1124 1197; x_wconf 89' lang='lat' dir='ltr'><strong>de</strong></span> <span class='ocrx_word' id='word_1_82' title='bbox 1143 1136 1313 1216; x_wconf 81' lang='lat' dir='ltr'><strong>frugalitate</strong></span> 
     </span>
     <span class='ocr_line' id='line_1_11' title="bbox 209 1228 1314 1317; baseline -0.006 -19"><span class='ocrx_word' id='word_1_83' title='bbox 209 1238 354 1317; x_wconf 89' lang='lat' dir='ltr'><strong>majorum</strong></span> <span class='ocrx_word' id='word_1_84' title='bbox 369 1236 400 1295; x_wconf 91' lang='lat' dir='ltr'><strong>in</strong></span> <span class='ocrx_word' id='word_1_85' title='bbox 414 1234 585 1297; x_wconf 73' lang='lat' dir='ltr'><strong>tribuendis,</strong></span> <span class='ocrx_word' id='word_1_86' title='bbox 595 1230 723 1312; x_wconf 81' lang='lat' dir='ltr'><strong>praemiis</strong></span> <span class='ocrx_word' id='word_1_87' title='bbox 737 1230 864 1310; x_wconf 91' lang='lat' dir='ltr'><strong>publicis</strong></span> <span class='ocrx_word' id='word_1_88' title='bbox 878 1229 916 1290; x_wconf 91' lang='lat' dir='ltr'><strong>ad</strong></span> <span class='ocrx_word' id='word_1_89' title='bbox 932 1229 1100 1290; x_wconf 79' lang='lat' dir='ltr'><strong>faciendam</strong></span> <span class='ocrx_word' id='word_1_90' title='bbox 1116 1228 1314 1291; x_wconf 77' lang='lat' dir='ltr'><strong>Demostheni</strong></span> 
     </span>
     <span class='ocr_line' id='line_1_12' title="bbox 210 1322 1314 1396; baseline -0.005 -4"><span class='ocrx_word' id='word_1_91' title='bbox 210 1331 360 1392; x_wconf 85' lang='lat' dir='ltr'><strong>invidiam.</strong></span> <span class='ocrx_word' id='word_1_92' title='bbox 403 1327 479 1387; x_wconf 85' lang='lat' dir='ltr'><strong>Haeo</strong></span> <span class='ocrx_word' id='word_1_93' title='bbox 494 1326 573 1386; x_wconf 89' lang='lat' dir='ltr'><strong>enim</strong></span> <span class='ocrx_word' id='word_1_94' title='bbox 592 1325 690 1385; x_wconf 89' lang='lat' dir='ltr'><strong>omnia</strong></span> <span class='ocrx_word' id='word_1_95' title='bbox 708 1322 860 1384; x_wconf 79' lang='lat' dir='ltr'><strong>auditores</strong></span> <span class='ocrx_word' id='word_1_96' title='bbox 873 1333 989 1396; x_wconf 88' lang='lat' dir='ltr'><strong>norant,</strong></span> <span class='ocrx_word' id='word_1_97' title='bbox 1002 1343 1103 1384; x_wconf 93' lang='lat' dir='ltr'><strong>omues</strong></span> <span class='ocrx_word' id='word_1_98' title='bbox 1124 1322 1240 1384; x_wconf 91' lang='lat' dir='ltr'><strong>Solonis</strong></span> <span class='ocrx_word' id='word_1_99' title='bbox 1254 1335 1314 1387; x_wconf 89' lang='lat' dir='ltr'><strong>sta-</strong></span> 
     </span>
     <span class='ocr_line' id='line_1_13' title="bbox 212 1407 1314 1497; baseline -0.004 -14"><span class='ocrx_word' id='word_1_100' title='bbox 212 1434 292 1485; x_wconf 90' lang='lat' dir='ltr'><strong>tuam</strong></span> <span class='ocrx_word' id='word_1_101' title='bbox 311 1422 446 1482; x_wconf 85' lang='lat' dir='ltr'><strong>viderant</strong></span> <span class='ocrx_word' id='word_1_102' title='bbox 463 1428 495 1479; x_wconf 93' lang='lat' dir='ltr'><strong>et</strong></span> <span class='ocrx_word' id='word_1_103' title='bbox 515 1418 553 1478; x_wconf 93' lang='lat' dir='ltr'><strong>de</strong></span> <span class='ocrx_word' id='word_1_104' title='bbox 569 1407 714 1483; x_wconf 81' lang='lat' dir='ltr'><strong>Miltiadis</strong></span> <span class='ocrx_word' id='word_1_105' title='bbox 728 1417 911 1496; x_wconf 89' lang='lat' dir='ltr'><strong>aliorumque</strong></span> <span class='ocrx_word' id='word_1_106' title='bbox 926 1417 1054 1497; x_wconf 76' lang='lat' dir='ltr'><strong>praemiis</strong></span> <span class='ocrx_word' id='word_1_107' title='bbox 1069 1418 1198 1497; x_wconf 88' lang='lat' dir='ltr'><strong>publicis</strong></span> <span class='ocrx_word' id='word_1_108' title='bbox 1211 1418 1314 1479; x_wconf 92' lang='lat' dir='ltr'><strong>audie·</strong></span> 
     </span>
     <span class='ocr_line' id='line_1_14' title="bbox 211 1510 1314 1587; baseline -0.004 -10"><span class='ocrx_word' id='word_1_109' title='bbox 211 1525 287 1587; x_wconf 89' lang='lat' dir='ltr'><strong>rant,</strong></span> <span class='ocrx_word' id='word_1_110' title='bbox 301 1522 333 1575; x_wconf 88' lang='lat' dir='ltr'><strong>ut</strong></span> <span class='ocrx_word' id='word_1_111' title='bbox 351 1513 427 1574; x_wconf 89' lang='lat' dir='ltr'><strong>adeo</strong></span> <span class='ocrx_word' id='word_1_112' title='bbox 447 1512 512 1571; x_wconf 79' lang='lat' dir='ltr'><strong>hoec</strong></span> <span class='ocrx_word' id='word_1_113' title='bbox 532 1512 570 1571; x_wconf 90' lang='lat' dir='ltr'><strong>ab</strong></span> <span class='ocrx_word' id='word_1_114' title='bbox 592 1522 708 1571; x_wconf 90' lang='lat' dir='ltr'><strong>oratore</strong></span> <span class='ocrx_word' id='word_1_115' title='bbox 730 1510 952 1570; x_wconf 89' lang='lat' dir='ltr'><strong>commemorari</strong></span> <span class='ocrx_word' id='word_1_116' title='bbox 973 1530 991 1569; x_wconf 91' lang='lat' dir='ltr'><strong>a</strong></span> <span class='ocrx_word' id='word_1_117' title='bbox 1014 1530 1103 1572; x_wconf 88' lang='lat' dir='ltr'><strong>causa</strong></span> <span class='ocrx_word' id='word_1_118' title='bbox 1123 1511 1314 1573; x_wconf 89' lang='lat' dir='ltr'><strong>nullomodo</strong></span> 
     </span>
     <span class='ocr_line' id='line_1_15' title="bbox 212 1603 1316 1685; baseline -0.003 -17"><span class='ocrx_word' id='word_1_119' title='bbox 212 1608 385 1669; x_wconf 66' lang='lat' dir='ltr'><strong>alienum‘et</strong></span> <span class='ocrx_word' id='word_1_120' title='bbox 405 1606 588 1685; x_wconf 88' lang='lat' dir='ltr'><strong>inopinatum</strong></span> <span class='ocrx_word' id='word_1_121' title='bbox 608 1603 654 1664; x_wconf 90' lang='lat' dir='ltr'><strong>sit.</strong></span> <span class='ocrx_word' id='word_1_122' title='bbox 696 1604 741 1664; x_wconf 82' lang='lat' dir='ltr'><strong>Er</strong></span> <span class='ocrx_word' id='word_1_123' title='bbox 758 1603 943 1664; x_wconf 88' lang='lat' dir='ltr'><strong>inventorum</strong></span> <span class='ocrx_word' id='word_1_124' title='bbox 958 1604 1146 1664; x_wconf 90' lang='lat' dir='ltr'><strong>multitudine</strong></span> <span class='ocrx_word' id='word_1_125' title='bbox 1161 1603 1316 1665; x_wconf 89' lang='lat' dir='ltr'><strong>utilissima</strong></span> 
     </span>
     <span class='ocr_line' id='line_1_16' title="bbox 212 1698 1316 1781; baseline -0.003 -18"><span class='ocrx_word' id='word_1_126' title='bbox 212 1702 318 1781; x_wconf 86' lang='lat' dir='ltr'><strong>eligere</strong></span> <span class='ocrx_word' id='word_1_127' title='bbox 337 1701 462 1761; x_wconf 86' lang='lat' dir='ltr'><strong>oratoris</strong></span> <span class='ocrx_word' id='word_1_128' title='bbox 476 1699 633 1759; x_wconf 90' lang='lat' dir='ltr'><strong>consilium</strong></span> <span class='ocrx_word' id='word_1_129' title='bbox 648 1708 678 1759; x_wconf 89' lang='lat' dir='ltr'><strong>et</strong></span> <span class='ocrx_word' id='word_1_130' title='bbox 692 1698 882 1779; x_wconf 85' lang='lat' dir='ltr'><strong>prudentiam</strong></span> <span class='ocrx_word' id='word_1_131' title='bbox 902 1700 1042 1777; x_wconf 87' lang='lat' dir='ltr'><strong>postolat.</strong></span> <span class='ocrx_word' id='word_1_132' title='bbox 1074 1699 1150 1759; x_wconf 90' lang='lat' dir='ltr'><strong>&#39;Hac</strong></span> <span class='ocrx_word' id='word_1_133' title='bbox 1161 1698 1192 1759; x_wconf 90' lang='lat' dir='ltr'><strong>in</strong></span> <span class='ocrx_word' id='word_1_134' title='bbox 1206 1719 1238 1759; x_wconf 90' lang='lat' dir='ltr'><strong>re</strong></span> <span class='ocrx_word' id='word_1_135' title='bbox 1249 1720 1316 1761; x_wconf 89' lang='lat' dir='ltr'><strong>ora·</strong></span> 
     </span>
     <span class='ocr_line' id='line_1_17' title="bbox 212 1792 1315 1873; baseline 0 -18"><span class='ocrx_word' id='word_1_136' title='bbox 212 1805 307 1855; x_wconf 88' lang='lat' dir='ltr'><strong>torum</strong></span> <span class='ocrx_word' id='word_1_137' title='bbox 322 1794 370 1853; x_wconf 90' lang='lat' dir='ltr'><strong>alii</strong></span> <span class='ocrx_word' id='word_1_138' title='bbox 386 1793 546 1865; x_wconf 86' lang='lat' dir='ltr'><strong>immodici,</strong></span> <span class='ocrx_word' id='word_1_139' title='bbox 561 1792 656 1865; x_wconf 85' lang='lat' dir='ltr'><strong>effusi,</strong></span> <span class='ocrx_word' id='word_1_140' title='bbox 672 1792 806 1866; x_wconf 85' lang='lat' dir='ltr'><strong>effrenes,</strong></span> <span class='ocrx_word' id='word_1_141' title='bbox 819 1792 962 1853; x_wconf 89' lang='lat' dir='ltr'><strong>orationis</strong></span> <span class='ocrx_word' id='word_1_142' title='bbox 981 1792 1098 1872; x_wconf 87' lang='lat' dir='ltr'><strong>copiam</strong></span> <span class='ocrx_word' id='word_1_143' title='bbox 1120 1800 1150 1853; x_wconf 87' lang='lat' dir='ltr'><strong>et</strong></span> <span class='ocrx_word' id='word_1_144' title='bbox 1172 1793 1315 1873; x_wconf 89' lang='lat' dir='ltr'><strong>impetum</strong></span> 
     </span>
     <span class='ocr_line' id='line_1_18' title="bbox 213 1885 1315 1965; baseline 0 -18"><span class='ocrx_word' id='word_1_145' title='bbox 213 1906 297 1947; x_wconf 80' lang='lat' dir='ltr'><strong>nuere</strong></span> <span class='ocrx_word' id='word_1_146' title='bbox 317 1888 427 1964; x_wconf 90' lang='lat' dir='ltr'><strong>sinunt,</strong></span> <span class='ocrx_word' id='word_1_147' title='bbox 450 1885 602 1965; x_wconf 85' lang='lat' dir='ltr'><strong>magisque</strong></span> <span class='ocrx_word' id='word_1_148' title='bbox 626 1886 766 1958; x_wconf 90' lang='lat' dir='ltr'><strong>obruunt,</strong></span> <span class='ocrx_word' id='word_1_149' title='bbox 781 1905 869 1965; x_wconf 89' lang='lat' dir='ltr'><strong>quarn</strong></span> <span class='ocrx_word' id='word_1_150' title='bbox 888 1885 999 1945; x_wconf 90' lang='lat' dir='ltr'><strong>docent</strong></span> <span class='ocrx_word' id='word_1_151' title='bbox 1014 1886 1183 1958; x_wconf 87' lang='lat' dir='ltr'><strong>auditores;</strong></span> <span class='ocrx_word' id='word_1_152' title='bbox 1206 1887 1255 1947; x_wconf 91' lang='lat' dir='ltr'><strong>alii</strong></span> <span class='ocrx_word' id='word_1_153' title='bbox 1269 1907 1315 1947; x_wconf 89' lang='lat' dir='ltr'><strong>se·</strong></span> 
     </span>
     <span class='ocr_line' id='line_1_19' title="bbox 212 1977 1316 2057; baseline 0.002 -18"><span class='ocrx_word' id='word_1_154' title='bbox 212 1980 285 2049; x_wconf 81' lang='lat' dir='ltr'><strong>reri,-</strong></span> <span class='ocrx_word' id='word_1_155' title='bbox 294 1978 404 2057; x_wconf 88' lang='lat' dir='ltr'><strong>jejuni,</strong></span> <span class='ocrx_word' id='word_1_156' title='bbox 419 1978 498 2038; x_wconf 89' lang='lat' dir='ltr'><strong>avari</strong></span> <span class='ocrx_word' id='word_1_157' title='bbox 511 1987 542 2038; x_wconf 86' lang='lat' dir='ltr'><strong>et</strong></span> <span class='ocrx_word' id='word_1_158' title='bbox 557 1978 597 2037; x_wconf 94' lang='lat' dir='ltr'><strong>nil</strong></span> <span class='ocrx_word' id='word_1_159' title='bbox 611 1977 666 2037; x_wconf 90' lang='lat' dir='ltr'><strong>nisi</strong></span> <span class='ocrx_word' id='word_1_160' title='bbox 681 1980 806 2038; x_wconf 85' lang='lat' dir='ltr'><strong>araxime</strong></span> <span class='ocrx_word' id='word_1_161' title='bbox 818 1978 983 2049; x_wconf 86' lang='lat' dir='ltr'><strong>necessaria</strong></span> <span class='ocrx_word' id='word_1_162' title='bbox 993 1979 1031 2039; x_wconf 91' lang='lat' dir='ltr'><strong>ad</strong></span> <span class='ocrx_word' id='word_1_163' title='bbox 1045 1977 1134 2039; x_wconf 84' lang='lat' dir='ltr'><strong>fidem</strong></span> <span class='ocrx_word' id='word_1_164' title='bbox 1149 1980 1316 2041; x_wconf 88' lang='lat' dir='ltr'><strong>faciendam</strong></span> 
     </span>
     <span class='ocr_line' id='line_1_20' title="bbox 214 2068 1316 2149; baseline 0.001 -17"><span class='ocrx_word' id='word_1_165' title='bbox 214 2071 375 2139; x_wconf 85' lang='lat' dir='ltr'><strong>adhibent;</strong></span> <span class='ocrx_word' id='word_1_166' title='bbox 396 2071 445 2130; x_wconf 91' lang='lat' dir='ltr'><strong>alii</strong></span> <span class='ocrx_word' id='word_1_167' title='bbox 472 2072 548 2131; x_wconf 90' lang='lat' dir='ltr'><strong>inter</strong></span> <span class='ocrx_word' id='word_1_168' title='bbox 567 2078 724 2148; x_wconf 89' lang='lat' dir='ltr'><strong>utrumque</strong></span> <span class='ocrx_word' id='word_1_169' title='bbox 754 2068 881 2129; x_wconf 89' lang='lat' dir='ltr'><strong>medium</strong></span> <span class='ocrx_word' id='word_1_170' title='bbox 906 2078 1020 2148; x_wconf 88' lang='lat' dir='ltr'><strong>teneat,</strong></span> <span class='ocrx_word' id='word_1_171' title='bbox 1046 2070 1159 2144; x_wconf 81' lang='lat' dir='ltr'><strong>faciles,</strong></span> <span class='ocrx_word' id='word_1_172' title='bbox 1178 2071 1316 2149; x_wconf 87' lang='lat' dir='ltr'><strong>jucundi,</strong></span> 
     </span>
     <span class='ocr_line' id='line_1_21' title="bbox 214 2162 1316 2244; baseline 0.002 -19"><span class='ocrx_word' id='word_1_173' title='bbox 214 2164 363 2244; x_wconf 85' lang='lat' dir='ltr'><strong>florentes,</strong></span> <span class='ocrx_word' id='word_1_174' title='bbox 377 2163 471 2224; x_wconf 88' lang='lat' dir='ltr'><strong>ornati</strong></span> <span class='ocrx_word' id='word_1_175' title='bbox 485 2172 515 2223; x_wconf 90' lang='lat' dir='ltr'><strong>et</strong></span> <span class='ocrx_word' id='word_1_176' title='bbox 534 2163 620 2242; x_wconf 91' lang='lat' dir='ltr'><strong>quasi</strong></span> <span class='ocrx_word' id='word_1_177' title='bbox 637 2162 762 2241; x_wconf 87' lang='lat' dir='ltr'><strong>prolusi,</strong></span> <span class='ocrx_word' id='word_1_178' title='bbox 781 2163 837 2238; x_wconf 83' lang='lat' dir='ltr'><strong>vel,</strong></span> <span class='ocrx_word' id='word_1_179' title='bbox 858 2162 961 2223; x_wconf 89' lang='lat' dir='ltr'><strong>melius</strong></span> <span class='ocrx_word' id='word_1_180' title='bbox 982 2172 1016 2223; x_wconf 92' lang='lat' dir='ltr'><strong>ut</strong></span> <span class='ocrx_word' id='word_1_181' title='bbox 1035 2164 1143 2236; x_wconf 88' lang='lat' dir='ltr'><strong>dicam,</strong></span> <span class='ocrx_word' id='word_1_182' title='bbox 1166 2166 1316 2227; x_wconf 88' lang='lat' dir='ltr'><strong>liberales.</strong></span> 
     </span>
     <span class='ocr_line' id='line_1_22' title="bbox 212 2244 1317 2337; baseline 0.001 -19"><span class='ocrx_word' id='word_1_183' title='bbox 212 2258 257 2318; x_wconf 85' lang='lat' dir='ltr'><strong>Ex</strong></span> <span class='ocrx_word' id='word_1_184' title='bbox 275 2258 331 2317; x_wconf 91' lang='lat' dir='ltr'><strong>hoc</strong></span> <span class='ocrx_word' id='word_1_185' title='bbox 353 2275 460 2337; x_wconf 86' lang='lat' dir='ltr'><strong>genere</strong></span> <span class='ocrx_word' id='word_1_186' title='bbox 479 2255 636 2316; x_wconf 83' lang='lat' dir='ltr'><strong>AEschinea</strong></span> <span class='ocrx_word' id='word_1_187' title='bbox 650 2264 704 2315; x_wconf 90' lang='lat' dir='ltr'><strong>est.</strong></span> <span class='ocrx_word' id='word_1_188' title='bbox 745 2255 824 2314; x_wconf 91' lang='lat' dir='ltr'><strong>Nam</strong></span> <span class='ocrx_word' id='word_1_189' title='bbox 842 2265 873 2316; x_wconf 92' lang='lat' dir='ltr'><strong>et</strong></span> <span class='ocrx_word' id='word_1_190' title='bbox 886 2256 1064 2332; x_wconf 81' lang='lat' dir='ltr'><strong>argumentis</strong></span> <span class='ocrx_word' id='word_1_191' title='bbox 1079 2258 1171 2317; x_wconf 90' lang='lat' dir='ltr'><strong>utitur</strong></span> <span class='ocrx_word' id='word_1_192' title='bbox 1184 2244 1317 2319; x_wconf 84' lang='lat' dir='ltr'><strong>lirmissi·</strong></span> 
     </span>
     <span class='ocr_line' id='line_1_23' title="bbox 214 2348 1318 2425; baseline 0.004 -15"><span class='ocrx_word' id='word_1_193' title='bbox 214 2350 279 2425; x_wconf 86' lang='lat' dir='ltr'><strong>mis,</strong></span> <span class='ocrx_word' id='word_1_194' title='bbox 292 2358 323 2410; x_wconf 88' lang='lat' dir='ltr'><strong>et</strong></span> <span class='ocrx_word' id='word_1_195' title='bbox 332 2350 447 2409; x_wconf 87' lang='lat' dir='ltr'><strong>inutilia</strong></span> <span class='ocrx_word' id='word_1_196' title='bbox 463 2357 494 2408; x_wconf 91' lang='lat' dir='ltr'><strong>et</strong></span> <span class='ocrx_word' id='word_1_197' title='bbox 507 2348 596 2407; x_wconf 79' lang='lat' dir='ltr'><strong>aonia</strong></span> <span class='ocrx_word' id='word_1_198' title='bbox 607 2348 727 2423; x_wconf 86' lang='lat' dir='ltr'><strong>omittit,</strong></span> <span class='ocrx_word' id='word_1_199' title='bbox 741 2356 772 2408; x_wconf 86' lang='lat' dir='ltr'><strong>et</strong></span> <span class='ocrx_word' id='word_1_200' title='bbox 786 2349 909 2409; x_wconf 89' lang='lat' dir='ltr'><strong>istorum</strong></span> <span class='ocrx_word' id='word_1_201' title='bbox 924 2350 1112 2409; x_wconf 88' lang='lat' dir='ltr'><strong>severitatem</strong></span> <span class='ocrx_word' id='word_1_202' title='bbox 1126 2351 1271 2414; x_wconf 85' lang='lat' dir='ltr'><strong>suavitate</strong></span> <span class='ocrx_word' id='word_1_203' title='bbox 1285 2361 1318 2413; x_wconf 89' lang='lat' dir='ltr'><strong>et</strong></span> 
     </span>
     <span class='ocr_line' id='line_1_24' title="bbox 212 2442 1318 2521; baseline 0.004 -18"><span class='ocrx_word' id='word_1_204' title='bbox 212 2452 317 2505; x_wconf 90' lang='lat' dir='ltr'><strong>ornatu</strong></span> <span class='ocrx_word' id='word_1_205' title='bbox 339 2450 493 2521; x_wconf 84' lang='lat' dir='ltr'><strong>temperat,</strong></span> <span class='ocrx_word' id='word_1_206' title='bbox 513 2442 629 2501; x_wconf 89' lang='lat' dir='ltr'><strong>illorum</strong></span> <span class='ocrx_word' id='word_1_207' title='bbox 648 2442 792 2501; x_wconf 86' lang='lat' dir='ltr'><strong>luxuriam</strong></span> <span class='ocrx_word' id='word_1_208' title='bbox 806 2450 836 2500; x_wconf 90' lang='lat' dir='ltr'><strong>et</strong></span> <span class='ocrx_word' id='word_1_209' title='bbox 848 2442 1059 2503; x_wconf 89' lang='lat' dir='ltr'><strong>abundantiam</strong></span> <span class='ocrx_word' id='word_1_210' title='bbox 1073 2454 1194 2506; x_wconf 86' lang='lat' dir='ltr'><strong>coercet</strong></span> <span class='ocrx_word' id='word_1_211' title='bbox 1211 2454 1243 2507; x_wconf 89' lang='lat' dir='ltr'><strong>et</strong></span> <span class='ocrx_word' id='word_1_212' title='bbox 1256 2465 1318 2507; x_wconf 92' lang='lat' dir='ltr'><strong>am·</strong></span> 
     </span>
     <span class='ocr_line' id='line_1_25' title="bbox 213 2533 1317 2617; baseline 0.004 -20"><span class='ocrx_word' id='word_1_213' title='bbox 213 2546 309 2617; x_wconf 88' lang='lat' dir='ltr'><strong>putat.</strong></span> <span class='ocrx_word' id='word_1_214' title='bbox 350 2534 433 2594; x_wconf 88' lang='lat' dir='ltr'><strong>Nihil</strong></span> <span class='ocrx_word' id='word_1_215' title='bbox 443 2534 520 2594; x_wconf 89' lang='lat' dir='ltr'><strong>enim</strong></span> <span class='ocrx_word' id='word_1_216' title='bbox 535 2533 672 2604; x_wconf 89' lang='lat' dir='ltr'><strong>alienum,</strong></span> <span class='ocrx_word' id='word_1_217' title='bbox 688 2534 772 2605; x_wconf 87' lang='lat' dir='ltr'><strong>nihil,</strong></span> <span class='ocrx_word' id='word_1_218' title='bbox 787 2535 868 2613; x_wconf 94' lang='lat' dir='ltr'><strong>quod</strong></span> <span class='ocrx_word' id='word_1_219' title='bbox 883 2536 986 2595; x_wconf 90' lang='lat' dir='ltr'><strong>abesse</strong></span> <span class='ocrx_word' id='word_1_220' title='bbox 1001 2536 1073 2596; x_wconf 86' lang='lat' dir='ltr'><strong>velis</strong></span> <span class='ocrx_word' id='word_1_221' title='bbox 1087 2538 1117 2597; x_wconf 92' lang='lat' dir='ltr'><strong>in</strong></span> <span class='ocrx_word' id='word_1_222' title='bbox 1128 2537 1194 2615; x_wconf 87' lang='lat' dir='ltr'><strong>ejus</strong></span> <span class='ocrx_word' id='word_1_223' title='bbox 1208 2542 1317 2602; x_wconf 91' lang='lat' dir='ltr'><strong>oratio·</strong></span> 
     </span>
     <span class='ocr_line' id='line_1_26' title="bbox 213 2626 1319 2713; baseline 0.006 -25"><span class='ocrx_word' id='word_1_224' title='bbox 213 2629 300 2688; x_wconf 90' lang='lat' dir='ltr'><strong>nibus</strong></span> <span class='ocrx_word' id='word_1_225' title='bbox 314 2626 449 2687; x_wconf 90' lang='lat' dir='ltr'><strong>additum</strong></span> <span class='ocrx_word' id='word_1_226' title='bbox 464 2644 618 2704; x_wconf 88' lang='lat' dir='ltr'><strong>superesse</strong></span> <span class='ocrx_word' id='word_1_227' title='bbox 632 2626 772 2705; x_wconf 87' lang='lat' dir='ltr'><strong>reperias.</strong></span> <span class='ocrx_word' id='word_1_228' title='bbox 816 2626 959 2687; x_wconf 89' lang='lat' dir='ltr'><strong>Ordinem</strong></span> <span class='ocrx_word' id='word_1_229' title='bbox 974 2627 1003 2687; x_wconf 93' lang='lat' dir='ltr'><strong>in</strong></span> <span class='ocrx_word' id='word_1_230' title='bbox 1018 2630 1201 2692; x_wconf 86' lang='lat' dir='ltr'><strong>orationibus</strong></span> <span class='ocrx_word' id='word_1_231' title='bbox 1219 2636 1319 2713; x_wconf 87' lang='lat' dir='ltr'><strong>sequi·</strong></span> 
     </span>
     <span class='ocr_line' id='line_1_27' title="bbox 214 2718 1321 2801; baseline 0.005 -18"><span class='ocrx_word' id='word_1_232' title='bbox 214 2733 263 2783; x_wconf 89' lang='lat' dir='ltr'><strong>tur</strong></span> <span class='ocrx_word' id='word_1_233' title='bbox 276 2738 353 2789; x_wconf 90' lang='lat' dir='ltr'><strong>eum,</strong></span> <span class='ocrx_word' id='word_1_234' title='bbox 371 2720 422 2798; x_wconf 93' lang='lat' dir='ltr'><strong>qui</strong></span> <span class='ocrx_word' id='word_1_235' title='bbox 437 2728 484 2778; x_wconf 90' lang='lat' dir='ltr'><strong>est</strong></span> <span class='ocrx_word' id='word_1_236' title='bbox 497 2718 620 2778; x_wconf 77' lang='lat' dir='ltr'><strong>maxime</strong></span> <span class='ocrx_word' id='word_1_237' title='bbox 637 2719 714 2779; x_wconf 89' lang='lat' dir='ltr'><strong>utilis</strong></span> <span class='ocrx_word' id='word_1_238' title='bbox 727 2738 836 2779; x_wconf 81' lang='lat' dir='ltr'><strong>causae.</strong></span> <span class='ocrx_word' id='word_1_239' title='bbox 876 2720 911 2779; x_wconf 92' lang='lat' dir='ltr'><strong>ln</strong></span> <span class='ocrx_word' id='word_1_240' title='bbox 926 2720 978 2782; x_wconf 92' lang='lat' dir='ltr'><strong>illa</strong></span> <span class='ocrx_word' id='word_1_241' title='bbox 990 2722 1079 2801; x_wconf 92' lang='lat' dir='ltr'><strong>igitur</strong></span> <span class='ocrx_word' id='word_1_242' title='bbox 1093 2722 1265 2788; x_wconf 80' lang='lat' dir='ltr'><strong>violatarum</strong></span> <span class='ocrx_word' id='word_1_243' title='bbox 1279 2728 1321 2789; x_wconf 89' lang='lat' dir='ltr'><strong>le·</strong></span> 
     </span>
     <span class='ocr_line' id='line_1_28' title="bbox 214 2810 1318 2901; baseline 0.008 -28"><span class='ocrx_word' id='word_1_244' title='bbox 214 2834 283 2895; x_wconf 90' lang='lat' dir='ltr'><strong>gum</strong></span> <span class='ocrx_word' id='word_1_245' title='bbox 311 2820 417 2872; x_wconf 89' lang='lat' dir='ltr'><strong>contra</strong></span> <span class='ocrx_word' id='word_1_246' title='bbox 440 2810 644 2889; x_wconf 88' lang='lat' dir='ltr'><strong>Ctesiphontis</strong></span> <span class='ocrx_word' id='word_1_247' title='bbox 672 2814 842 2892; x_wconf 87' lang='lat' dir='ltr'><strong>psephisma</strong></span> <span class='ocrx_word' id='word_1_248' title='bbox 869 2816 1006 2876; x_wconf 89' lang='lat' dir='ltr'><strong>instituta</strong></span> <span class='ocrx_word' id='word_1_249' title='bbox 1032 2817 1149 2879; x_wconf 87' lang='lat' dir='ltr'><strong>actione</strong></span> <span class='ocrx_word' id='word_1_250' title='bbox 1176 2819 1318 2901; x_wconf 84' lang='lat' dir='ltr'><strong>deinceps</strong></span> 
     </span>
     <span class='ocr_line' id='line_1_29' title="bbox 213 2906 1321 2996; baseline 0.008 -27"><span class='ocrx_word' id='word_1_251' title='bbox 213 2906 316 2969; x_wconf 89' lang='lat' dir='ltr'><strong>ordine</strong></span> <span class='ocrx_word' id='word_1_252' title='bbox 331 2906 464 2985; x_wconf 85' lang='lat' dir='ltr'><strong>exponit,</strong></span> <span class='ocrx_word' id='word_1_253' title='bbox 480 2906 552 2986; x_wconf 92' lang='lat' dir='ltr'><strong>quid</strong></span> <span class='ocrx_word' id='word_1_254' title='bbox 575 2915 678 2967; x_wconf 88' lang='lat' dir='ltr'><strong>eontra</strong></span> <span class='ocrx_word' id='word_1_255' title='bbox 691 2908 771 2987; x_wconf 88' lang='lat' dir='ltr'><strong>leges</strong></span> <span class='ocrx_word' id='word_1_256' title='bbox 785 2908 938 2988; x_wconf 87' lang='lat' dir='ltr'><strong>scripserit</strong></span> <span class='ocrx_word' id='word_1_257' title='bbox 952 2912 1127 2991; x_wconf 83' lang='lat' dir='ltr'><strong>Ctesiphon.</strong></span> <span class='ocrx_word' id='word_1_258' title='bbox 1168 2916 1247 2995; x_wconf 88' lang='lat' dir='ltr'><strong>Ergo</strong></span> <span class='ocrx_word' id='word_1_259' title='bbox 1260 2917 1321 2996; x_wconf 87' lang='lat' dir='ltr'><strong>pri·</strong></span> 
     </span>
     <span class='ocr_line' id='line_1_30' title="bbox 215 2998 1318 3079; baseline 0.01 -19"><span class='ocrx_word' id='word_1_260' title='bbox 215 3020 294 3061; x_wconf 90' lang='lat' dir='ltr'><strong>mum</strong></span> <span class='ocrx_word' id='word_1_261' title='bbox 317 2998 406 3059; x_wconf 89' lang='lat' dir='ltr'><strong>docet</strong></span> <span class='ocrx_word' id='word_1_262' title='bbox 425 2998 654 3060; x_wconf 86' lang='lat' dir='ltr'><strong>Demosthenem</strong></span> <span class='ocrx_word' id='word_1_263' title='bbox 676 3003 809 3079; x_wconf 86' lang='lat' dir='ltr'><strong>pecuniae</strong></span> <span class='ocrx_word' id='word_1_264' title='bbox 832 3003 969 3064; x_wconf 90' lang='lat' dir='ltr'><strong>theatrali</strong></span> <span class='ocrx_word' id='word_1_265' title='bbox 991 3013 1021 3065; x_wconf 90' lang='lat' dir='ltr'><strong>et</strong></span> <span class='ocrx_word' id='word_1_266' title='bbox 1039 3004 1207 3069; x_wconf 87' lang='lat' dir='ltr'><strong>reficiendis</strong></span> <span class='ocrx_word' id='word_1_267' title='bbox 1229 3012 1318 3072; x_wconf 88' lang='lat' dir='ltr'><strong>muris</strong></span> 
     </span>
     <span class='ocr_line' id='line_1_31' title="bbox 215 3091 1319 3173; baseline 0.013 -20"><span class='ocrx_word' id='word_1_268' title='bbox 215 3092 390 3173; x_wconf 84' lang='lat' dir='ltr'><strong>praefectum</strong></span> <span class='ocrx_word' id='word_1_269' title='bbox 408 3091 544 3170; x_wconf 89' lang='lat' dir='ltr'><strong>adeoque</strong></span> <span class='ocrx_word' id='word_1_270' title='bbox 562 3092 720 3155; x_wconf 86' lang='lat' dir='ltr'><strong>reddendis</strong></span> <span class='ocrx_word' id='word_1_271' title='bbox 739 3095 903 3158; x_wconf 88' lang='lat' dir='ltr'><strong>rationibus</strong></span> <span class='ocrx_word' id='word_1_272' title='bbox 921 3098 1081 3159; x_wconf 86' lang='lat' dir='ltr'><strong>obnoxium</strong></span> <span class='ocrx_word' id='word_1_273' title='bbox 1100 3120 1159 3161; x_wconf 91' lang='lat' dir='ltr'><strong>non</strong></span> <span class='ocrx_word' id='word_1_274' title='bbox 1179 3104 1319 3167; x_wconf 89' lang='lat' dir='ltr'><strong>debuisse</strong></span> 
     </span>
     <span class='ocr_line' id='line_1_32' title="bbox 215 3185 1319 3268; baseline 0.012 -21"><span class='ocrx_word' id='word_1_275' title='bbox 215 3185 319 3247; x_wconf 87' lang='lat' dir='ltr'><strong>donari</strong></span> <span class='ocrx_word' id='word_1_276' title='bbox 339 3204 428 3245; x_wconf 89' lang='lat' dir='ltr'><strong>aurea</strong></span> <span class='ocrx_word' id='word_1_277' title='bbox 442 3203 560 3245; x_wconf 89' lang='lat' dir='ltr'><strong>corona.</strong></span> <span class='ocrx_word' id='word_1_278' title='bbox 603 3185 721 3247; x_wconf 89' lang='lat' dir='ltr'><strong>Deinde</strong></span> <span class='ocrx_word' id='word_1_279' title='bbox 735 3207 791 3247; x_wconf 90' lang='lat' dir='ltr'><strong>nec</strong></span> <span class='ocrx_word' id='word_1_280' title='bbox 806 3187 934 3268; x_wconf 83' lang='lat' dir='ltr'><strong>legitimo</strong></span> <span class='ocrx_word' id='word_1_281' title='bbox 948 3191 977 3250; x_wconf 92' lang='lat' dir='ltr'><strong>in</strong></span> <span class='ocrx_word' id='word_1_282' title='bbox 993 3192 1059 3253; x_wconf 93' lang='lat' dir='ltr'><strong>loco</strong></span> <span class='ocrx_word' id='word_1_283' title='bbox 1072 3192 1182 3255; x_wconf 83' lang='lat' dir='ltr'><strong>factam</strong></span> <span class='ocrx_word' id='word_1_284' title='bbox 1195 3218 1258 3259; x_wconf 84' lang='lat' dir='ltr'><strong>esse</strong></span> <span class='ocrx_word' id='word_1_285' title='bbox 1273 3220 1319 3261; x_wconf 88' lang='lat' dir='ltr'><strong>re·</strong></span> 
     </span>
     <span class='ocr_line' id='line_1_33' title="bbox 217 3276 1319 3362; baseline 0.015 -23"><span class='ocrx_word' id='word_1_286' title='bbox 217 3278 445 3340; x_wconf 90' lang='lat' dir='ltr'><strong>nunciationem.</strong></span> <span class='ocrx_word' id='word_1_287' title='bbox 488 3276 628 3357; x_wconf 90' lang='lat' dir='ltr'><strong>Denique</strong></span> <span class='ocrx_word' id='word_1_288' title='bbox 642 3279 826 3341; x_wconf 89' lang='lat' dir='ltr'><strong>demonstrat</strong></span> <span class='ocrx_word' id='word_1_289' title='bbox 842 3282 1066 3362; x_wconf 84' lang='lat' dir='ltr'><strong>Ctesiphontem</strong></span> <span class='ocrx_word' id='word_1_290' title='bbox 1079 3290 1235 3354; x_wconf 89' lang='lat' dir='ltr'><strong>mentitum</strong></span> <span class='ocrx_word' id='word_1_291' title='bbox 1254 3311 1319 3355; x_wconf 89' lang='lat' dir='ltr'><strong>esse</strong></span> 
     </span>
     <span class='ocr_line' id='line_1_34' title="bbox 216 3370 1322 3451; baseline 0.014 -19"><span class='ocrx_word' id='word_1_292' title='bbox 216 3373 246 3433; x_wconf 88' lang='lat' dir='ltr'><strong>in</strong></span> <span class='ocrx_word' id='word_1_293' title='bbox 260 3370 470 3451; x_wconf 89' lang='lat' dir='ltr'><strong>psephismate,</strong></span> <span class='ocrx_word' id='word_1_294' title='bbox 492 3389 587 3449; x_wconf 87' lang='lat' dir='ltr'><strong>neque</strong></span> <span class='ocrx_word' id='word_1_295' title='bbox 609 3372 683 3431; x_wconf 89' lang='lat' dir='ltr'><strong>enim</strong></span> <span class='ocrx_word' id='word_1_296' title='bbox 705 3374 935 3435; x_wconf 87' lang='lat' dir='ltr'><strong>Demosthenem</strong></span> <span class='ocrx_word' id='word_1_297' title='bbox 956 3376 1022 3436; x_wconf 80' lang='lat' dir='ltr'><strong>esse</strong></span> <span class='ocrx_word' id='word_1_298' title='bbox 1042 3380 1138 3439; x_wconf 86' lang='lat' dir='ltr'><strong>virum</strong></span> <span class='ocrx_word' id='word_1_299' title='bbox 1158 3382 1268 3446; x_wconf 89' lang='lat' dir='ltr'><strong>bonum</strong></span> <span class='ocrx_word' id='word_1_300' title='bbox 1289 3394 1322 3447; x_wconf 85' lang='lat' dir='ltr'><strong>et</strong></span> 
     </span>
     <span class='ocr_line' id='line_1_35' title="bbox 217 3463 1320 3557; baseline 0.015 -32"><span class='ocrx_word' id='word_1_301' title='bbox 217 3464 390 3543; x_wconf 83' lang='lat' dir='ltr'><strong>reipublicae</strong></span> <span class='ocrx_word' id='word_1_302' title='bbox 404 3463 589 3523; x_wconf 87' lang='lat' dir='ltr'><strong>benevolum.</strong></span> <span class='ocrx_word' id='word_1_303' title='bbox 632 3465 700 3524; x_wconf 91' lang='lat' dir='ltr'><strong>Duo</strong></span> <span class='ocrx_word' id='word_1_304' title='bbox 715 3464 765 3525; x_wconf 91' lang='lat' dir='ltr'><strong>illa</strong></span> <span class='ocrx_word' id='word_1_305' title='bbox 780 3467 877 3545; x_wconf 90' lang='lat' dir='ltr'><strong>priora</strong></span> <span class='ocrx_word' id='word_1_306' title='bbox 887 3467 1006 3547; x_wconf 87' lang='lat' dir='ltr'><strong>scriptis</strong></span> <span class='ocrx_word' id='word_1_307' title='bbox 1020 3470 1150 3549; x_wconf 87' lang='lat' dir='ltr'><strong>publicis</strong></span> <span class='ocrx_word' id='word_1_308' title='bbox 1162 3485 1193 3536; x_wconf 90' lang='lat' dir='ltr'><strong>et</strong></span> <span class='ocrx_word' id='word_1_309' title='bbox 1205 3477 1320 3557; x_wconf 84' lang='lat' dir='ltr'><strong>legibus</strong></span> 
     </span>
     <span class='ocr_line' id='line_1_36' title="bbox 220 3556 1322 3634; baseline 0.015 -17"><span class='ocrx_word' id='word_1_310' title='bbox 220 3556 386 3618; x_wconf 86' lang='lat' dir='ltr'><strong>confirmat.</strong></span> <span class='ocrx_word' id='word_1_311' title='bbox 427 3556 611 3617; x_wconf 89' lang='lat' dir='ltr'><strong>Postremum</strong></span> <span class='ocrx_word' id='word_1_312' title='bbox 637 3557 680 3619; x_wconf 87' lang='lat' dir='ltr'><strong>ita</strong></span> <span class='ocrx_word' id='word_1_313' title='bbox 702 3558 804 3631; x_wconf 88' lang='lat' dir='ltr'><strong>docet,</strong></span> <span class='ocrx_word' id='word_1_314' title='bbox 827 3569 862 3619; x_wconf 87' lang='lat' dir='ltr'><strong>ut</strong></span> <span class='ocrx_word' id='word_1_315' title='bbox 885 3565 1031 3624; x_wconf 71' lang='grc' dir='ltr'>πολιτείαν</span> <span class='ocrx_word' id='word_1_316' title='bbox 1059 3567 1268 3631; x_wconf 86' lang='lat' dir='ltr'><strong>Demosthenis</strong></span> <span class='ocrx_word' id='word_1_317' title='bbox 1289 3573 1322 3634; x_wconf 87' lang='lat' dir='ltr'><strong>in</strong></span> 
     </span>
     <span class='ocr_line' id='line_1_37' title="bbox 209 3648 1322 3740; baseline 0.02 -37"><span class='ocrx_word' id='word_1_318' title='bbox 209 3656 350 3727; x_wconf 80' lang='lat' dir='ltr'><strong>,quatuor</strong></span> <span class='ocrx_word' id='word_1_319' title='bbox 377 3656 511 3728; x_wconf 89' lang='lat' dir='ltr'><strong>tempora</strong></span> <span class='ocrx_word' id='word_1_320' title='bbox 538 3648 662 3723; x_wconf 85' lang='lat' dir='ltr'><strong>dividat,</strong></span> <span class='ocrx_word' id='word_1_321' title='bbox 689 3670 816 3731; x_wconf 89' lang='lat' dir='ltr'><strong>eumque</strong></span> <span class='ocrx_word' id='word_1_322' title='bbox 839 3654 973 3716; x_wconf 87' lang='lat' dir='ltr'><strong>omnibus</strong></span> <span class='ocrx_word' id='word_1_323' title='bbox 998 3657 1045 3718; x_wconf 87' lang='lat' dir='ltr'><strong>his</strong></span> <span class='ocrx_word' id='word_1_324' title='bbox 1068 3663 1253 3740; x_wconf 91' lang='lat' dir='ltr'><strong>temporibus</strong></span> <span class='ocrx_word' id='word_1_325' title='bbox 1273 3665 1322 3727; x_wconf 83' lang='lat' dir='ltr'><strong>vel</strong></span> 
     </span>
     <span class='ocr_line' id='line_1_38' title="bbox 220 3740 1321 3836; baseline 0.015 -33"><span class='ocrx_word' id='word_1_326' title='bbox 220 3740 337 3803; x_wconf 83' lang='lat' dir='ltr'><strong>noxium</strong></span> <span class='ocrx_word' id='word_1_327' title='bbox 352 3740 397 3801; x_wconf 82' lang='lat' dir='ltr'><strong>ael</strong></span> <span class='ocrx_word' id='word_1_328' title='bbox 413 3742 545 3802; x_wconf 87' lang='lat' dir='ltr'><strong>inutilem</strong></span> <span class='ocrx_word' id='word_1_329' title='bbox 555 3742 648 3804; x_wconf 83' lang='lat' dir='ltr'><strong>luisse</strong></span> <span class='ocrx_word' id='word_1_330' title='bbox 663 3744 830 3822; x_wconf 72' lang='lat' dir='ltr'><strong>reipublice</strong></span> <span class='ocrx_word' id='word_1_331' title='bbox 845 3747 992 3811; x_wconf 86' lang='lat' dir='ltr'><strong>ostendat.</strong></span> <span class='ocrx_word' id='word_1_332' title='bbox 1034 3753 1094 3813; x_wconf 88' lang='lat' dir='ltr'><strong>Sed</strong></span> <span class='ocrx_word' id='word_1_333' title='bbox 1106 3765 1267 3836; x_wconf 87' lang='lat' dir='ltr'><strong>antequam</strong></span> <span class='ocrx_word' id='word_1_334' title='bbox 1281 3760 1321 3821; x_wconf 89' lang='lat' dir='ltr'><strong>ad</strong></span> 
     </span>
     <span class='ocr_line' id='line_1_39' title="bbox 220 3835 1322 3924; baseline 0.016 -29"><span class='ocrx_word' id='word_1_335' title='bbox 220 3836 274 3896; x_wconf 82' lang='lat' dir='ltr'><strong>has</strong></span> <span class='ocrx_word' id='word_1_336' title='bbox 286 3835 482 3897; x_wconf 87' lang='lat' dir='ltr'><strong>accusationis</strong></span> <span class='ocrx_word' id='word_1_337' title='bbox 496 3845 594 3914; x_wconf 89' lang='lat' dir='ltr'><strong>partes</strong></span> <span class='ocrx_word' id='word_1_338' title='bbox 608 3838 752 3915; x_wconf 84' lang='lat' dir='ltr'><strong>pervenit,</strong></span> <span class='ocrx_word' id='word_1_339' title='bbox 771 3838 880 3913; x_wconf 89' lang='lat' dir='ltr'><strong>nescio,</strong></span> <span class='ocrx_word' id='word_1_340' title='bbox 895 3860 949 3903; x_wconf 86' lang='lat' dir='ltr'><strong>cur</strong></span> <span class='ocrx_word' id='word_1_341' title='bbox 960 3854 1030 3924; x_wconf 89' lang='lat' dir='ltr'><strong>post</strong></span> <span class='ocrx_word' id='word_1_342' title='bbox 1040 3848 1194 3909; x_wconf 82' lang='lat' dir='ltr'><strong>exordium</strong></span> <span class='ocrx_word' id='word_1_343' title='bbox 1210 3851 1322 3913; x_wconf 90' lang='lat' dir='ltr'><strong>Demo·</strong></span> 
     </span>
     <span class='ocr_line' id='line_1_40' title="bbox 221 3927 1323 4006; baseline 0.015 -17"><span class='ocrx_word' id='word_1_344' title='bbox 221 3927 353 3989; x_wconf 89' lang='lat' dir='ltr'><strong>sthenem</strong></span> <span class='ocrx_word' id='word_1_345' title='bbox 368 3933 523 3989; x_wconf 75' lang='grc' dir='ltr'><strong><em>ὑπεύθυνον</em></strong></span> <span class='ocrx_word' id='word_1_346' title='bbox 536 3927 626 3988; x_wconf 85' lang='lat' dir='ltr'><strong>fuisse</strong></span> <span class='ocrx_word' id='word_1_347' title='bbox 648 3929 766 4003; x_wconf 88' lang='lat' dir='ltr'><strong>doceat,</strong></span> <span class='ocrx_word' id='word_1_348' title='bbox 780 3932 835 3991; x_wconf 86' lang='lat' dir='ltr'><strong>nisi</strong></span> <span class='ocrx_word' id='word_1_349' title='bbox 851 3931 929 3995; x_wconf 84' lang='lat' dir='ltr'><strong>forte</strong></span> <span class='ocrx_word' id='word_1_350' title='bbox 948 3936 1117 3999; x_wconf 86' lang='lat' dir='ltr'><strong>auditorum</strong></span> <span class='ocrx_word' id='word_1_351' title='bbox 1139 3936 1323 4006; x_wconf 80' lang='lat' dir='ltr'><strong>voluntatem</strong></span> 
     </span>
     <span class='ocr_line' id='line_1_41' title="bbox 221 4020 1324 4100; baseline 0.015 -19"><span class='ocrx_word' id='word_1_352' title='bbox 221 4039 291 4100; x_wconf 80' lang='lat' dir='ltr'><strong>erga</strong></span> <span class='ocrx_word' id='word_1_353' title='bbox 303 4020 380 4082; x_wconf 91' lang='lat' dir='ltr'><strong>hanc</strong></span> <span class='ocrx_word' id='word_1_354' title='bbox 401 4020 617 4083; x_wconf 88' lang='lat' dir='ltr'><strong>accusationem</strong></span> <span class='ocrx_word' id='word_1_355' title='bbox 632 4023 756 4100; x_wconf 87' lang='lat' dir='ltr'><strong>experiri</strong></span> <span class='ocrx_word' id='word_1_356' title='bbox 771 4025 875 4085; x_wconf 82' lang='lat' dir='ltr'><strong>voluit.</strong></span> <span class='ocrx_word' id='word_1_357' title='bbox 917 4028 985 4089; x_wconf 88' lang='lat' dir='ltr'><strong>lloe</strong></span> <span class='ocrx_word' id='word_1_358' title='bbox 999 4040 1080 4091; x_wconf 88' lang='lat' dir='ltr'><strong>certe</strong></span> <span class='ocrx_word' id='word_1_359' title='bbox 1096 4035 1252 4096; x_wconf 87' lang='lat' dir='ltr'><strong>molestum</strong></span> <span class='ocrx_word' id='word_1_360' title='bbox 1265 4037 1324 4099; x_wconf 84' lang='lat' dir='ltr'><strong>t&#39;uit</strong></span> 
     </span>
     <span class='ocr_line' id='line_1_42' title="bbox 221 4113 1324 4203; baseline 0.015 -31"><span class='ocrx_word' id='word_1_361' title='bbox 221 4113 340 4192; x_wconf 65' lang='lat' dir='ltr'><strong>legend,</strong></span> <span class='ocrx_word' id='word_1_362' title='bbox 357 4114 439 4192; x_wconf 82' lang='lat' dir='ltr'><strong>quod</strong></span> <span class='ocrx_word' id='word_1_363' title='bbox 452 4114 526 4173; x_wconf 81' lang='lat' dir='ltr'><strong>dicit</strong></span> <span class='ocrx_word' id='word_1_364' title='bbox 543 4116 581 4191; x_wconf 84' lang='lat' dir='ltr'><strong>(r.</strong></span> <span class='ocrx_word' id='word_1_365' title='bbox 592 4114 713 4196; x_wconf 79' lang='grc' dir='ltr'>Κτησιφ.</span> <span class='ocrx_word' id='word_1_366' title='bbox 728 4122 753 4190; x_wconf 61' lang='grc' dir='ltr'><strong>ξ.</strong></span> <span class='ocrx_word' id='word_1_367' title='bbox 770 4120 805 4195; x_wconf 86' lang='lat' dir='ltr'><strong>l.)</strong></span> <span class='ocrx_word' id='word_1_368' title='bbox 823 4119 868 4179; x_wconf 77' lang='lat' dir='ltr'><strong>dra</strong></span> <span class='ocrx_word' id='word_1_369' title='bbox 880 4119 912 4179; x_wconf 74' lang='grc' dir='ltr'><strong>δὲ</strong></span> <span class='ocrx_word' id='word_1_370' title='bbox 925 4121 1014 4189; x_wconf 75' lang='grc' dir='ltr'><strong><em>ὄντως</em></strong></span> <span class='ocrx_word' id='word_1_371' title='bbox 1027 4122 1063 4195; x_wconf 72' lang='grc' dir='ltr'><strong>ἦν</strong></span> <span class='ocrx_word' id='word_1_372' title='bbox 1075 4126 1227 4196; x_wconf 65' lang='grc' dir='ltr'><strong><em>ὑπεύθυνος</em></strong></span> <span class='ocrx_word' id='word_1_373' title='bbox 1240 4132 1256 4188; x_wconf 86' lang='lat' dir='ltr'><strong>d</strong></span> <span class='ocrx_word' id='word_1_374' title='bbox 1269 4130 1324 4203; x_wconf 74' lang='grc' dir='ltr'><strong>Δη-</strong></span> 
     </span>
     <span class='ocr_line' id='line_1_43' title="bbox 221 4202 1324 4301; baseline 0.016 -36"><span class='ocrx_word' id='word_1_375' title='bbox 221 4202 415 4283; x_wconf 65' lang='grc' dir='ltr'><strong><em>μοσθένης-</em></strong></span> <span class='ocrx_word' id='word_1_376' title='bbox 428 4208 503 4265; x_wconf 79' lang='grc' dir='ltr'>ταῦτ’</span> <span class='ocrx_word' id='word_1_377' title='bbox 527 4204 577 4277; x_wconf 69' lang='grc' dir='ltr'><strong>ἤδη</strong></span> <span class='ocrx_word' id='word_1_378' title='bbox 597 4208 767 4289; x_wconf 77' lang='grc' dir='ltr'>πειράσομαι</span> <span class='ocrx_word' id='word_1_379' title='bbox 789 4212 864 4291; x_wconf 71' lang='grc' dir='ltr'><strong>ὑμᾶς</strong></span> <span class='ocrx_word' id='word_1_380' title='bbox 888 4211 1078 4275; x_wconf 66' lang='lat' dir='ltr'><strong>dedicativis</strong></span> <span class='ocrx_word' id='word_1_381' title='bbox 1103 4228 1160 4279; x_wconf 68' lang='grc' dir='ltr'><strong>νῦν</strong></span> <span class='ocrx_word' id='word_1_382' title='bbox 1183 4220 1324 4301; x_wconf 70' lang='grc' dir='ltr'><strong>δημοσίων</strong></span> 
     </span>
     <span class='ocr_line' id='line_1_44' title="bbox 224 4298 1323 4377; baseline 0.018 -22"><span class='ocrx_word' id='word_1_383' title='bbox 224 4298 409 4377; x_wconf 75' lang='grc' dir='ltr'><strong><em>γραμμάτων.</em></strong></span> <span class='ocrx_word' id='word_1_384' title='bbox 428 4316 430 4319; x_wconf 92' lang='grc'><strong><em>·</em></strong></span> <span class='ocrx_word' id='word_1_385' title='bbox 452 4298 530 4358; x_wconf 88' lang='lat' dir='ltr'><strong>Nam</strong></span> <span class='ocrx_word' id='word_1_386' title='bbox 551 4309 582 4358; x_wconf 85' lang='lat' dir='ltr'><strong>e&#39;t</strong></span> <span class='ocrx_word' id='word_1_387' title='bbox 601 4308 688 4359; x_wconf 89' lang='lat' dir='ltr'><strong>antea</strong></span> <span class='ocrx_word' id='word_1_388' title='bbox 709 4301 855 4364; x_wconf 87' lang='lat' dir='ltr'><strong>docuerat</strong></span> <span class='ocrx_word' id='word_1_389' title='bbox 873 4324 940 4364; x_wconf 90' lang='lat' dir='ltr'><strong>eum</strong></span> <span class='ocrx_word' id='word_1_390' title='bbox 961 4326 1029 4368; x_wconf 86' lang='lat' dir='ltr'><strong>rere</strong></span> <span class='ocrx_word' id='word_1_391' title='bbox 1050 4309 1140 4371; x_wconf 84' lang='lat' dir='ltr'><strong>luisse</strong></span> <span class='ocrx_word' id='word_1_392' title='bbox 1164 4314 1323 4375; x_wconf 88' lang='lat' dir='ltr'><strong>reddendis</strong></span> 
     </span>
     <span class='ocr_line' id='line_1_45' title="bbox 221 4390 1324 4487; baseline 0.019 -38"><span class='ocrx_word' id='word_1_393' title='bbox 221 4390 383 4453; x_wconf 87' lang='lat' dir='ltr'><strong>rationibus</strong></span> <span class='ocrx_word' id='word_1_394' title='bbox 408 4390 577 4453; x_wconf 76' lang='lat' dir='ltr'><strong>obnoxium.</strong></span> <span class='ocrx_word' id='word_1_395' title='bbox 632 4394 665 4453; x_wconf 93' lang='lat' dir='ltr'><strong>la</strong></span> <span class='ocrx_word' id='word_1_396' title='bbox 687 4396 819 4457; x_wconf 85' lang='lat' dir='ltr'><strong>oratione</strong></span> <span class='ocrx_word' id='word_1_397' title='bbox 841 4408 944 4459; x_wconf 89' lang='lat' dir='ltr'><strong>contra</strong></span> <span class='ocrx_word' id='word_1_398' title='bbox 965 4399 1166 4487; x_wconf 87' lang='lat' dir='ltr'><strong>Timarchum,</strong></span> <span class='ocrx_word' id='word_1_399' title='bbox 1186 4424 1255 4487; x_wconf 86' lang='lat' dir='ltr'><strong>quae</strong></span> <span class='ocrx_word' id='word_1_400' title='bbox 1277 4418 1324 4470; x_wconf 85' lang='lat' dir='ltr'><strong>est</strong></span> 
     </span>
    </p>
   </div>
   <div class='ocr_carea' id='block_1_4' title="bbox 0 0 1546 4909">
    <p class='ocr_par' dir='ltr' id='par_1_4' title="bbox 0 0 1546 4909">
     <span class='ocr_line' id='line_1_46' title="bbox 0 0 1546 4909; baseline 0 0"><span class='ocrx_word' id='word_1_401' title='bbox 0 0 1546 4909; x_wconf 95' lang='lat' dir='ltr'><strong> </strong></span> 
     </span>
    </p>
   </div>
  </div>
 </body>
</html>
