3050 4909
56 300 60 309 ⁴
128 290 131 301 ’
224 332 327 399 mni
499 330 629 399 ..c
659 331 696 401 a.
719 332 942 403 matrum

221 494 343 556 rissimis
370 494 478 557 reddet
505 495 659 571 sollicitos,
687 497 912 577 rempublicam,
939 496 1071 559 civitatis
1097 504 1215 572 statum,
1239 499 1322 578 leges

220 586 449 667 libertatemque
463 588 576 660 violari,
591 590 688 669 rumpi
701 601 732 649 et
744 592 852 651 vastari
866 591 997 650 docebit.
1019 590 1155 651 Everbis
1168 591 1323 651 adhibebit

221 680 402 759 gravissima,
418 682 614 742 audacissima
628 693 659 744 et
678 685 715 744 ab
731 703 786 745 usu
800 685 942 744 sermonis
956 685 1107 764 popularis
1125 685 1322 746 abhorrentia.

223 775 455 854 Compositiouis
475 784 506 835 et
524 785 681 837 structurae
703 778 934 839 concinnitatem
957 780 1192 858 suavitatemque
1206 778 1321 849 vitabit,

222 868 363 947 loquetur
384 868 538 943 dissoluta,
561 890 675 949 aspera,
695 871 833 950 abrupta,
846 881 877 932 et
899 871 1083 950 frequentius
1105 871 1217 945 incisis,
1231 890 1322 949 quam

222 959 361 1020 membris
374 960 468 1041 longis
481 974 512 1022 et
526 964 689 1042 aequalibus
702 972 813 1040 utetur,
827 964 988 1023 animorum
1003 964 1176 1042 auriumque
1192 964 1324 1023 delecta-

222 1052 331 1114 tionem
347 1042 407 1115 non
418 1056 545 1118 curabit.
567 1058 634 1118 Jam
645 1076 713 1117 oum
725 1056 983 1117 bacvehementiae
993 1057 1113 1116 notione
1125 1054 1325 1135 comparanda

222 1154 295 1207 sunt
308 1148 446 1227 quaedam
461 1150 528 1210 loca
543 1148 689 1209 AEschinis
699 1157 736 1226 (κ.
745 1150 871 1230 Κτηοιρ.
886 1156 911 1223 t.
921 1150 983 1225 ξέ.)
995 1153 1037 1216 είς
1048 1155 1114 1228 τρία
1126 1151 1197 1229 μέρη
1212 1148 1325 1229 διαιρεῖ-

222 1258 269 1300 ται
282 1245 299 1313 h
312 1246 414 1323 ἡμέρα,
430 1240 500 1304 ὅταν
511 1246 585 1327 εἰσίῃ
599 1246 694 1324 γραφὴ
707 1244 882 1321 παρανόμων
893 1246 933 1309 είς
943 1242 975 1301 τὸ
988 1240 1175 1319 δικαστήριον.
1195 1241 1324 1320 ἐγχεῖται

223 1338 283 1414 γιίρ
295 1334 328 1395 τὸ
341 1335 394 1415 μέν
404 1346 513 1413 πρῶτον
523 1334 595 1414 ὕδωρ
609 1340 647 1415 τῷ
662 1337 816 1417 κατηγόρῳ,
833 1338 949 1403 καὶτοῖς
963 1336 1072 1414 νόμοις,
1085 1336 1130 1393 καὶ
1142 1337 1178 1418 τῇ
1190 1333 1326 1413 δημοκρα-

221 1433 278 1503 τίᾳ·
293 1428 326 1487 τὸ
341 1426 370 1485 δέ
384 1426 508 1507 δεύτερον
526 1426 607 1508 stop,
623 1432 660 1509 τῷ
675 1431 726 1499 τὴν
744 1432 857 1509 γραφὴν
869 1434 1002 1508 φεύγοντι
1015 1430 1061 1486 καὶ
1074 1434 1135 1494 τοῖς
1151 1429 1193 1493 είς
1208 1426 1276 1485 abel
1292 1426 1327 1486 τὸ

220 1526 343 1599 πρᾶγμα
355 1524 502 1595 λέγουσιν.
524 1519 641 1580 ἐπειδᾶν
655 1519 683 1580 δέ
696 1526 730 1607 τῇ
744 1528 839 1606 πρότγ
858 1521 941 1602 pipp
954 1523 993 1599 μὴ
1006 1523 1079 1604 λυθῇ
1096 1519 1128 1578 rb
1144 1517 1326 1597 παράνομον,

219 1610 272 1683 ἤδη
285 1612 317 1671 τὸ
331 1618 425 1692 τρίτον
444 1612 516 1690 ὑδυρ
532 1612 663 1697 ἐγχεῖται
682 1618 717 1693 τῇ
738 1621 848 1693 τιμήσει
863 1617 909 1671 καὶ
923 1620 962 1693 τῷ
983 1616 1094 1693 μεγέθει
1107 1626 1158 1682 τῆς
1171 1612 1258 1688 ὀργῆς
1271 1626 1326 1684 τῆς

219 1706 365 1784 ὑμετέρας.
385 1703 465 1773 ὅστις
483 1704 537 1785 μὲν
555 1703 606 1765 οὑν
619 1704 652 1764 έν
664 1708 696 1774 τῇ
709 1708 821 1784 τιμίισει
833 1707 885 1775 τὴν
896 1706 991 1785 ψῆφον
1005 1707 1085 1777 sirei,
1103 1707 1156 1774 niv
1169 1704 1260 1781 ὀργὴν
1273 1708 1327 1777 τὴν

220 1798 358 1877 ὑμετέραν
377 1806 566 1877 παραιτεῖται·
588 1796 667 1865 ὅστις
688 1796 719 1857 δὲ
738 1798 771 1857 έν
791 1803 829 1878 τῷ
842 1798 942 1880 πριίτρ
961 1800 1039 1878 λόγῳ
1057 1800 1112 1868 τὴν
1132 1797 1227 1877 ψῆφον
1243 1802 1324 1872 alnei,

220 1890 302 1971 ὅρκον
313 1894 396 1964 αίτεῖ,
408 1893 497 1973 νόμον
507 1896 589 1964 atrei,
601 1890 793 1971 δημοκρατίαν
803 1896 887 1963 αίτεῖ,
901 1886 941 1953 ὧν
953 1889 1016 1950 οὑτε
1029 1894 1143 1960 αίτῆσαι
1154 1889 1235 1950 obdia
1244 1891 1326 1952 ὄτιον

220 1982 400 2057 abbarich?
421 1986 569 2057 αἰτηθέντα
588 1984 674 2065 intpp
692 1982 801 2043 δοῦναι.
821 1988 971 2044 κελεύσατε
990 1980 1041 2043 οὑν
1061 1984 1164 2051 αὑταὺς
1180 1983 1327 2052 ἐάσαντας

220 2078 295 2157 ὑμᾶς
309 2081 361 2149 τὴν
373 2080 486 2157 πρὺτην
499 2079 595 2160 ψῆφον
607 2080 680 2137 κατα
693 2075 759 2145 rotie
774 2079 878 2157 νόμὺυς
898 2077 1057 2153 διενεγκεῖν,
1071 2080 1205 2153 ἀπαντᾷν
1217 2082 1259 2146 είς
1271 2083 1327 2151 τὴν

220 2176 347 2251 τίμησιν.
382 2170 550 2250 Simplicius
563 2170 629 2229 haec
644 2168 769 2230 dixisset
780 2169 842 2229 sict
862 2170 993 2252 ἐγχεῖται
1006 2170 1039 2231 τὸ
1052 2168 1106 2250 μέν
1118 2181 1228 2247 πρῦτον
1240 2171 1325 2252 ὕδωρ,

222 2267 261 2345 τῷ
274 2267 429 2345 κατηγόρῳ·
444 2264 476 2324 τὸ
485 2264 660 2344 δὲδειίτιρον,
673 2268 711 2344 rqi
725 2268 867 2344 φεύγοντι·
882 2263 914 2323 rb
926 2262 958 2323 tt
969 2262 1074 2340 τρίταν,
1082 2272 1142 2332 τοῖς
1155 2264 1324 2336 δικάζουσιν.

220 2358 265 2417 at
279 2356 368 2435 longe
383 2356 583 2418 vehementius
598 2356 649 2417 illo
663 2356 764 2419 modo.
796 2356 921 2428 Rursus,
935 2376 1004 2435 quae
1022 2356 1054 2416 in
1072 2353 1132 2415 tine
1144 2356 1228 2430 dixit,
1242 2358 1326 2436 ίριον

221 2444 303 2523 cirri,
325 2452 413 2532 νόμον
435 2454 518 2523 αἰτεῖ,
534 2450 723 2531 δημοκρατίαν
742 2454 826 2527 cirri,
842 2469 879 2509 αα
898 2446 998 2510 omnia
1012 2448 1077 2526 jam
1090 2458 1175 2509 erant
1188 2469 1325 2529 compte-

219 2543 310 2604 henstt
325 2543 354 2602 in
369 2543 467 2603 verbis
488 2548 541 2613 τὴν
561 2545 653 2623 ὀργὴν
673 2546 724 2614 τὴν
745 2545 881 2623 ὑμετέραν
901 2549 1087 2623 παραιτεῖται.
1129 2543 1206 2601 Cum
1225 2552 1325 2605 autem

214 2633 335 2713 jndices
351 2635 561 2713 jurisjurandi,
575 2636 685 2715 legum,
698 2634 904 2713 libertatisque
918 2635 1069 2707 admonet,
1090 2635 1179 2713 longe
1193 2647 1261 2697 sont
1273 2657 1326 2698 ve·

220 2727 412 2789 bementiora.
454 2728 551 2789 Etiam
567 2727 659 2787 rerba
678 2725 826 2805 adjuvant
839 2728 1064 2803 vehementiam,
1079 2729 1169 2789 veluti
1185 2730 1327 2809 adspires

217 2822 290 2904 ide-»p
303 2824 434 2903 έγχεῖται
446 2828 481 2909 τῇ
496 2831 605 2904 τιμήσει
621 2826 666 2885 καί
679 2829 718 2904 τῷ
726 2827 839 2904 μεγέθει
848 2838 900 2897 τῆς
912 2826 1001 2905 ὀργῆς
1010 2838 1061 2897 τῆς
1070 2827 1218 2905 ὑμετέρας,
1230 2833 1261 2884 et
1269 2824 1328 2886 du·

217 2914 426 2993 riorejusdem
441 2917 525 2977 verbi
545 2918 635 2979 αίτεῑν
656 2916 804 2995 repetitio.
846 2919 913 2979 lam
936 2936 1003 2977 cum
1017 2917 1047 2979 in
1066 2917 1123 2976 alia
1138 2920 1273 2977 oratione
1287 2920 1325 2998 (κ.

217 3008 347 3090 Τιμάρχ.
358 3012 383 3082 t.
394 3012 459 3087 hd.)
471 3011 601 3089 appellat
608 3009 740 3090 judices,
754 3029 808 3071 eos
820 3009 940 3071 infamia
953 3019 1054 3086 terret,
1066 3021 1097 3072 et
1110 3010 1277 3090 discipline
1290 3012 1326 3071 li·

218 3102 356 3163 berorum
364 3102 514 3175 admonet,
528 3106 594 3164 τίνα
606 3103 634 3163 δὲ
648 3103 724 3184 ἔχων
734 3103 851 3172 ἕκαστος
866 3113 924 3165 etc.
935 3114 967 3164 et
982 3106 1071 3184 paulo
1085 3113 1166 3183 post,
1176 3124 1245 3165 cum
1254 3124 1327 3185 ueg-

217 3197 368 3275 ligentiam
383 3217 485 3259 eorum
496 3215 615 3259 causam
630 3198 829 3259 calamitatum
844 3198 1018 3278 reipublice
1031 3197 1115 3270 facit,
1129 3196 1192 3258 ciro
1212 3206 1241 3259 τί
1257 3204 1327 3260 tiou-

217 3290 342 3371 μέζομεν
360 3296 412 3365 τὴν
431 3296 526 3364 κοινὴν
547 3294 706 3371 ἅπραξίανς
727 3291 808 3361 Quid
831 3290 928 3352 dicam
950 3290 989 3351 de
1009 3289 1054 3349 his
1077 3290 1165 3368 (ibid.
1179 3298 1203 3366 ξ.
1217 3296 1269 3368 ri.)
1281 3298 1326 3361 τίς

218 3386 303 3463 γὰρῆ
318 3395 373 3445 τῶν
384 3385 552 3444 λωποδυτῶν
565 3386 583 3455 ἢ
598 3394 654 3445 τῶν
673 3388 800 3445 κλεπτῶν
811 3393 870 3445 etc.
885 3392 937 3444 attt
951 3383 990 3443 de
1000 3385 1060 3444 hoc
1071 3385 1138 3443 loco
1149 3389 1189 3462 (κ.
1201 3386 1325 3467 Κτησιφ.

217 3482 242 3550 ξ.
260 3479 325 3552 ad.)
338 3482 458 3557 πότερον
471 3482 540 3559 ὑμῖν
556 3489 618 3538 etc·
630 3478 682 3539 ubi
701 3478 848 3538 clarorum
862 3478 990 3537 virorum
1004 3497 1051 3538 res
1063 3485 1161 3556 gestas
1171 3488 1327 3559 comparat

218 3590 286 3631 cum
301 3571 492 3650 improbitate
505 3570 724 3644 Demosthenis,
738 3569 854 3631 illorum
868 3569 990 3650 praemia
1000 3573 1100 3630 tenuia
1110 3580 1141 3631 et
1151 3572 1325 3632 modestiam

217 3683 285 3724 cum
300 3663 388 3741 hujus
402 3664 571 3745 arrogantia
584 3672 616 3723 et
634 3663 799 3743 cupiditate
812 3662 977 3736 contendit,
992 3662 1023 3723 in
1032 3662 1153 3741 judices
1166 3664 1325 3738 invehitur,

218 3776 330 3835 eosque
344 3768 439 3838 rogat,
456 3768 553 3819 utrum
568 3756 610 3816 eis
629 3756 819 3835 prestantior
832 3756 966 3817 videatur
988 3758 1138 3817 Miltiades
1155 3764 1186 3816 et
1204 3756 1324 3817 Themi·

217 3854 339 3923 stooles,
358 3870 395 3911 aa
417 3849 646 3922 Demosthenes,
665 3850 703 3909 de
724 3868 785 3928 quo
805 3850 871 3909 baec
892 3848 994 3912 addit:
1015 3852 1083 3908 ἀλλ’
1096 3848 1189 3926 ἔγωγε
1203 3854 1247 3929 μα
1260 3848 1326 3919 robe

216 3944 298 4015 θεοὺς
312 3944 377 4013 τοὺς
398 3946 569 4025 δλυμπίους,
583 3942 640 4002 οὑδ
654 3944 686 4003 έν
699 3952 764 4009 ταῖς
778 3945 879 4010 αὑταῖς
898 3946 1016 4023 ἡμέραις
1033 3946 1111 4017 ἄξιον
1131 3946 1256 4025 ἡγοῦμαι
1274 3966 1326 4021 με·

215 4042 341 4119 pariebat
353 4045 401 4098 τοὺ
413 4042 508 4116 θηρίαὺ
521 4036 619 4097 τοὺτου
633 4039 680 4095 καί
693 4037 805 4097 έκείνυν
815 4046 872 4096 τῶν
885 4036 1006 4117 ἀνδρῶν.

644 4191 773 4259 8ΕΟΤ.
796 4195 888 4264 XII.

549 4305 600 4366 De
614 4306 816 4367 comunitate
829 4313 858 4366 et
861 4304 993 4388 figuris.

254 4403 299 4470 lix
313 4417 383 4490 apta
393 4410 560 4486 verborum,
569 4410 742 4482 incisurum,
754 4411 1013 4491 membrorumque
1021 4412 1160 4473 orahonis
1170 4419 1323 4473 structura

211 4513 242 4565 et
255 4502 466 4583 conjunctione
480 4505 575 4567 oritur
592 4504 788 4567 concinnitas.
831 4506 917 4565 Hanc
933 4525 989 4566 nec
1002 4507 1090 4585 plane
1104 4505 1250 4584 negligere
1270 4505 1324 4565 de·
