3050 4909
196 338 243 403 xii
494 339 520 405 1.
544 339 571 403 1.
594 337 637 405 R.
661 338 726 403 AD
750 336 1005 403 AESCHlNEM

197 518 258 579 quo
271 487 415 577 quicquid
429 508 542 558 veteres
557 498 673 569 Criticl,
689 496 849 579 Dionysius
864 495 1133 558 halicarnassensis
1147 496 1299 577 imprimis,

196 610 284 670 super
297 590 421 651 vetustis
437 590 483 650 his
494 590 663 652 oratoribus
674 591 866 651 commentati
879 600 960 663 sunt,
973 590 1166 669 complectar.

239 684 383 744 Emensus
397 684 455 743 hoc
469 684 661 763 curriculum,
674 682 755 762 quod
768 683 857 743 rideo
871 703 960 762 quarn
971 683 1102 762 longum,
1113 702 1202 761 quarn
1211 682 1301 743 sudo·
1321 686 1326 700 '

197 774 237 837 ris
250 776 369 855 plenum
384 777 433 847 sit,
450 787 510 836 tum
525 775 643 837 demum
658 777 805 857 proferam
820 786 1004 856 apparatum,
1020 777 1072 855 qni
1085 796 1176 856 penes
1189 795 1235 836 me
1246 785 1302 846 est,

197 866 332 929 criticum
348 867 378 927 in
392 868 632 930 Demosthenem.
674 868 806 930 Primam
830 868 897 947 ejus
910 871 1047 930 volumen
1061 868 1146 929 dabit
1156 867 1302 930 ineditum

198 960 406 1022 Demosthenis
429 962 600 1040 Exegetam,
625 962 775 1022 Zosimum
794 961 995 1022 Asmlonitaru
1013 960 1076 1037 (alii
1094 962 1240 1021 Gamnrn
1255 960 1303 1021 di.

198 1056 282 1130 cunt)
295 1053 320 1112 si
335 1054 409 1115 tanti
423 1055 490 1133 erit,
506 1063 536 1114 et
549 1055 679 1115 nancisci
693 1056 717 1135 ej
731 1062 845 1133 potero.
886 1055 975 1115 Nunc
989 1056 1066 1115 enim
1080 1054 1252 1115 adhucdum
1265 1072 1303 1114 eo

199 1164 297 1219 careo,
311 1155 342 1207 et
356 1166 417 1226 quo
426 1146 493 1207 loco
505 1147 542 1206 sit
553 1146 717 1219 habendus,
729 1146 828 1230 magni
838 1145 1002 1219 faciendus,
1012 1166 1050 1207 an
1061 1142 1304 1220 contemnendus,

200 1240 315 1317 ignoro.
357 1239 418 1299 Sed
441 1258 509 1318 spes
532 1239 610 1298 facta
634 1247 681 1299 est
699 1259 716 1298 e
734 1238 881 1299 Vaticana
903 1238 1090 1318 impetrandi.
1130 1237 1304 1299 Secundum

200 1332 336 1392 volumen
348 1330 501 1391 exhibebit
516 1330 615 1391 silvam
635 1332 791 1395 immanem
809 1332 984 1393 variantium
997 1331 1305 1392 Demosthenicarnnr.

200 1425 330 1485 Tertium
342 1424 563 1485 annotationum
579 1424 721 1504 quicquid
737 1437 794 1497 est,
808 1425 919 1498 Wolfii,
935 1426 1065 1506 Taylori,
1080 1444 1220 1497 mearum,
1234 1425 1307 1486 alio-

200 1538 275 1577 rum.
298 1517 444 1585 Quartum
455 1516 585 1594 denique
596 1517 721 1579 iudicem
733 1520 904 1580 Grseeitatis
912 1518 1161 1589 Demosthenicse,
1170 1517 1306 1596 aliosque

201 1608 314 1668 indices
335 1609 379 1668 his
403 1610 443 1669 ad
469 1593 637 1671 AEschinem
658 1613 872 1689 pertinentibus
893 1611 1014 1672 similes.
1055 1610 1145 1669 Haud
1167 1628 1214 1669 me
1229 1610 1307 1689 fugit

201 1701 309 1761 multos
328 1722 401 1773 esse,
424 1702 476 1780 qul
496 1722 552 1783 pro
574 1704 713 1765 AEschine
728 1706 909 1784 reliquisque
923 1706 1038 1765 Graecis
1060 1702 1224 1763 oratoribus
1240 1702 1305 1779 jam
1332 1748 1336 1761 .

200 1812 281 1853 nunc
298 1794 401 1854 malint
419 1814 438 1853 a
455 1814 502 1855 me
523 1796 603 1856 hunc
624 1808 800 1877 apparatum
823 1797 958 1878 proferri.
1000 1793 1113 1857 Contra
1135 1815 1195 1857 non
1216 1796 1306 1875 pauci

76 1940 83 1951 ,
202 1894 281 1957 sunt,
302 1886 354 1965 qui
372 1888 466 1948 nolint
484 1888 522 1947 ab
541 1889 593 1949 illa
610 1889 811 1969 descriptione
825 1889 951 1949 universi
964 1888 1062 1968 operis
1075 1888 1200 1959 discedi,
1216 1908 1305 1969 quam

202 1997 269 2038 cum
297 1980 385 2038 Anno
411 1986 501 2044 1768.
524 1980 729 2060 publicassem,
755 1985 835 2042 Acta
856 1981 1049 2041 Eruditorum
1072 1981 1249 2059 Lipsiensis,
1274 1991 1306 2043 ct

202 2070 357 2132 Harlesius
371 2073 408 2131 V.
421 2073 458 2133 C.
479 2074 510 2132 in
524 2073 613 2134 editae
627 2092 645 2133 a
659 2094 689 2133 se
705 2074 944 2135 Demosthenicoe
959 2092 1013 2153 pro
1028 2092 1142 2133 corona
1161 2074 1244 2133 calce
1258 2093 1306 2134 re·

202 2162 361 2242 petierunt.
385 2164 485 2224 Facile
496 2164 579 2225 dictu
591 2185 650 2224 non
666 2176 722 2237 est,
738 2184 827 2243 quam
838 2165 963 2226 diaetam
974 2184 1062 2225 voces
1071 2165 1110 2225 de
1123 2166 1307 2228 institutione

202 2254 292 2333 hnjus
315 2256 413 2334 operis
438 2256 638 2317 diversissima
655 2256 843 2318 sciscentinm
866 2257 904 2345 ad
922 2276 1009 2323 aures
1029 2275 1109 2316 meas
1130 2257 1303 2319 allabuntur.

203 2348 321 2419 Quibus
342 2349 478 2409 omnibus
497 2348 677 2425 satisfacere,
698 2351 845 2411 contraria
864 2350 943 2411 inter
960 2370 992 2411 se
1012 2348 1225 2430 flagitantibus,
1238 2370 1307 2411 cnm

204 2454 341 2525 negatum
357 2454 445 2515 esset,
460 2442 553 2504 visum
569 2453 615 2505 est
629 2444 761 2527 insensu
777 2463 843 2503 meo
857 2441 1178 2521 acquiescere„cuisic
1188 2442 1306 2521 agendi,

206 2544 239 2597 ut
251 2536 300 2615 egi
311 2547 342 2597 et
355 2556 439 2613 agam
454 2555 556 2614 porro,
568 2536 694 2595 rationes
708 2546 778 2595 sunt
790 2536 976 2613 gravissime.
1010 2536 1088 2596 Cum
1101 2544 1234 2613 tempore
1244 2556 1307 2597 om·

205 2628 301 2699 nibus,
316 2628 341 2687 si
354 2637 524 2704 exspectare
538 2626 707 2698 didicerint,
722 2625 856 2687 satisfiet.
898 2632 1084 2706 Apparatum
1099 2628 1307 2688 Demostheni·
1377 2643 1382 2651 ’

204 2740 272 2781 cum
287 2722 339 2800 qui
349 2718 414 2797 jam
427 2738 507 2779 nunc
521 2730 658 2799 poscunt,
673 2739 720 2779 nm
734 2728 787 2779 aut
803 2719 941 2780 nesciunt
953 2720 994 2792 hi,
1013 2728 1066 2781 aut
1086 2739 1146 2780 non
1164 2722 1308 2801 cogitant,

205 2824 317 2895 quanto
338 2822 455 2873 constet
476 2811 548 2883 otio,
571 2821 683 2892 quanta
704 2831 806 2890 opera,
828 2810 957 2891 digestio
978 2812 1060 2872 silvas
1074 2812 1260 2890 variantium,
1274 2823 1307 2874 et

205 2905 440 2978 annotationum,
455 2924 542 2984 quam
557 2925 624 2966 cum
645 2906 714 2965 olim
733 2905 772 2966 ad
786 2906 908 2985 paginas
922 2914 952 2966 et
963 2924 1063 2966 versus
1075 2905 1215 2966 editionis
1229 2906 1310 2967 Pari·

206 3001 278 3061 sinoe
292 2998 467 3078 alligassem,
482 3017 561 3059 nnnc
574 3000 612 3059 ad
627 2999 748 3078 paginas
760 3008 791 3059 et
805 3018 905 3061 versus
918 2998 1056 3060 editionis
1069 3018 1144 3059 mese
1157 3018 1193 3059 ea
1206 3007 1252 3058 est
1262 3017 1308 3059 re·

207 3092 372 3157 formanda.
403 3092 439 3151 In
453 3100 516 3153 tota
530 3092 578 3153 illa
591 3102 686 3172 parte,
703 3111 792 3172 quam
805 3093 989 3174 'l'aylornon
1001 3092 1106 3164 edidit,
1119 3092 1202 3152 etad
1216 3110 1308 3171 qnam

205 3208 320 3270 parum,
331 3199 383 3248 aut
396 3187 479 3259 nihil,
493 3188 532 3249 ab
547 3207 583 3249 eo
597 3186 627 3247 in
642 3188 759 3250 schedis
773 3186 814 3247 ad
827 3208 875 3249 nse
887 3190 984 3249 missis
998 3179 1157 3250 collectum
1177 3184 1307 3265 reperio,

206 3279 360 3343 Wolfianss
381 3280 588 3341 annotationes
610 3300 712 3342 omnes
734 3280 809 3341 meis
825 3282 969 3359 manibus
987 3280 1195 3343 exscribente
1217 3286 1247 3339 et
1268 3278 1309 3339 ad

206 3376 289 3436 locos
311 3393 438 3454 quaeque
459 3394 528 3435 suos
548 3374 719 3448 referendas,
735 3377 868 3455 meisque
887 3374 1055 3437 intexendas
1069 3382 1149 3434 snut.
1190 3370 1311 3441 ludices

133 3458 136 3465 ¹
207 3468 277 3529 olim
297 3466 401 3538 iactos,
421 3466 503 3526 etad
519 3466 678 3528 Parisinam
690 3468 885 3546 'compositos,
898 3466 985 3528 video
1006 3486 1086 3526 nunc
1097 3464 1220 3544 jejunos
1234 3484 1309 3526 esse.

207 3570 391 3640 quapropter
405 3558 473 3619 nori
487 3560 525 3620 de
545 3560 661 3639 integro
679 3560 828 3621 condendi
847 3568 925 3633 suut,
944 3560 983 3619 ad
1004 3580 1092 3620 nosse
1105 3557 1243 3619 editionis
1256 3576 1312 3637 pa·

207 3654 290 3732 ginas
313 3660 343 3711 et
363 3671 465 3712 versus
485 3652 671 3713 conformati.
715 3653 853 3714 Accessit
866 3671 958 3712 novus
970 3653 1056 3714 labor
1068 3671 1087 3712 a
1100 3651 1218 3712 schedis
1231 3650 1310 3729 Tay·

206 3746 261 3806 lori
276 3764 371 3824 nuper
383 3746 421 3804 ad
436 3763 482 3804 me
498 3744 612 3818 missis;
634 3746 664 3806 in
680 3746 789 3823 quibus
802 3746 916 3807 etiamsi
929 3745 998 3806 novi
1012 3746 1085 3806 nihil
1098 3743 1254 3823 reperiam,
1268 3742 1309 3807 de

207 3859 268 3919 quo
281 3856 360 3899 nuuc
371 3836 541 3898 adhucdum
550 3838 581 3898 in
594 3846 724 3898 neutram
736 3848 853 3917 partem
864 3838 1059 3917 pronunciare
1068 3854 1200 3914 possnnq
1212 3854 1313 3913 neque

206 3931 285 3995 enim
300 3931 395 3991 otium
408 3930 551 4009 suppetiit
569 3931 763 4003 examinandi,
777 3930 958 4007 thesauram,
974 3949 1012 3991 nn
1026 3928 1172 3990 carbones
1192 3948 1312 4008 repere·

208 4024 274 4099 rim,
289 4024 413 4101 singulm
428 4034 527 4083 tamen
548 4042 676 4102 quaeque
697 4024 901 4084 annotationes
919 4024 975 4083 illis
997 4022 1028 4081 in
1049 4020 1169 4081 schedis
1191 4022 1312 4100 scriptae

165 4172 169 4186 ,
208 4115 394 4197 pensitandoe
414 4126 494 4189 sunt,
517 4115 602 4176 sedes
624 4135 722 4177 earum
742 4116 964 4197 investigandoe,
988 4115 1194 4193 querendum,
1215 4114 1312 4174 sintne

203 4210 269 4288 jam
288 4210 326 4269 ab
341 4209 407 4288 ipso
419 4208 552 4287 Tsyloro
573 4208 711 4287 proditas,
726 4230 783 4271 nec
796 4230 844 4270 ne.
865 4208 991 4288 Spissius
1003 4218 1050 4269 est
1062 4228 1138 4287 opus
1151 4207 1312 4288 agendum

209 4324 297 4383 quam
313 4303 395 4383 qnod
417 4312 477 4363 tans
499 4302 559 4363 cito
582 4304 767 4384 expediatur,
786 4315 877 4383 atque
896 4301 1045 4365 somniant
1061 4303 1189 4384 imperiti
1203 4320 1311 4373 rernm,

210 4398 262 4477 qui
276 4396 368 4457 simile
381 4396 463 4473 quod
477 4400 627 4476 negotium
642 4418 795 4477 nunquam
808 4408 982 4459 tractarunt.
1024 4401 1092 4459 Deo
1105 4397 1194 4459 vitam
1209 4415 1313 4476 proro-

210 4498 308 4569 gante,
326 4500 484 4568 cceptaque
505 4500 607 4553 nostra
627 4490 809 4591 fouuaaute,
826 4492 1013 4571 pervenietur
1030 4491 1074 4552 ad
1091 4490 1169 4553 hanc
1190 4508 1312 4569 quoque
