3050 4909
635 349 890 427 HEOOIMION.
1252 350 1308 415 xlv

212 504 372 587 τὀυμίνου,
383 509 557 590 κρινέτω-,
567 512 613 572 καί
624 517 692 583 ,τοῖς
706 509 840 596 άπείρως
854 510 962 597 έχουσι
972 515 1027 575 τοῦ
1036 508 1248 595 Ἑλληνισμοῦ
1262 513 1309 579 εὖ·

211 603 400 687 άνάγνωστά
413 630 456 679 τε,
466 610 514 671 καὶ
523 604 814 690 εὐπαρακολούθητα
825 612 968 693 γέγονεν,
980 604 1071 675 οὐδὲν
1083 607 1167 691 οίμαι
1179 612 1217 675 τὸ
1227 634 1310 677 κατε·

208 708 321 791 πείγον
340 700 427 779 είυαι,
447 698 496 767 διά
518 700 773 789 πλειόνωνύτέρ
793 712 849 769 τοῦ
871 704 1092 792 λαμπροτάτου
1115 703 1243 792 ἀνδρὸς,
1258 712 1308 774 καὶ

209 798 344 883 ἡρωῖκοῦ
356 800 442 874 τινὸς
455 802 488 864 ἐν
502 804 541 885 τῇ
553 798 695 886 πολιτικῆ
707 800 790 874 τάξει
803 806 1019 887 γεγενημένου,
1031 801 1307 889 ἀπολογήσασθαι.

210 898 405 983 ἐπιμαρτυρεῖ
419 894 450 962 δὲ
462 900 617 972 τούτοις“
600 928 618 965 υ
634 925 666 963 τε
688 898 900 987 Πλούταρχος
913 906 962 966 καὶ
979 905 998 966 ὁ
1014 906 1206 978 Παυσανίας,
1221 906 1307 981 κοίη

207 1001 263 1068 τῆς
276 989 427 1073 πατρίδος
447 995 603 1116 φῆφοςᾙ
589 996 789 1120 αγυιάμονος
795 1001 895 1080 μέν’
871 1024 915 1072 εις
933 996 1087 1073 ζῶντα
1056 1026 1114 1064 του
1132 995 1267 1087 άυδρα,
1261 1027 1309 1065 τε·

208 1088 419 1167 λείσύσαντος
432 1086 503 1159 δ’
469 1099 574 1170 αυτοῦ,
589 1095 847 1181 εύχαριστοτάτης
859 1098 1105 1181 γεγενημένης.ἵ
1065 1122 1189 1183 .ωνπερ
1203 1098 1305 1174 οὕτως

209 1190 400 1275 ίχόντων,“
381 1216 487 1267 ηκιστα
509 1192 708 1278 προσέχειν*
692 1197 825 1315 ηγοῦμρι
839 1190 903 1260 δεῖν
916 1201 984 1268 τοῖς
997 1196 1161 1277 οἶομίνοις,
1177 1194 1307 1271 ἣζηλο·

206 1286 347 1362 τ’ύτως”
332 1312 446 1375 εχοντα
459 1289 516 1354 τὸν
535 1292 720 1415 Δημρσρένη
741 1292 823 1376 πρὸς
841 1292 977 1366 τὴντῶν
991 1290 1306 1375 ἀντιπολιτευομένων

210 1380 319 1464 δόξαν,
333 1416 353 1463 η
337 1383 431 1472 ιδίιρ
440 1390 534 1455 'nul'
512 1414 556 1463 εις
566 1391 640 1463 τοὺς
643 1372 835 1463 Μακεδόνας
845 1393 925 1471 μίσει
938 1388 1149 1475 ἐπαρθέντα,
1128 1420 1149 1467 η
1163 1418 1206 1475 τω
1193 1393 1305 1478 παρὰ

207 1488 270 1551 τῶν
285 1490 417 1571 Περσῶν
440 1490 560 1609 χρυσίῳ
582 1484 785 1573 διαφθαρέντα
801 1486 1086 1564 πολιτεύσασθαι,
1068 1516 1089 1551 α
1101 1514 1139 1573 γε
1150 1489 1306 1556 ἐπολιτεύ·

208 1605 293 1649 σατο·
314 1586 465 1651 καίτοι’
432 1612 489 1653 ουκ
507 1582 626 1660 άδηλον
647 1585 698 1661 ύν,
711 1587 758 1649 ὅτι
779 1583 997 1671 φιλοτιμότατα
1018 1591 1074 1669 μὲν
1091 1583 1250 1653 διάκεινται
1272 1591 1305 1654 αί

206 1680 338 1766 μεγάλαι
351 1686 517 1769 φύσεις,τῇ
532 1678 697 1769 φιλοδοξίᾳ
711 1684 814 1768 ὥσπερ
828 1687 941 1769 κέντρῳ
953 1688 1013 1749 τινί
1028 1686 1255 1767 νυττόμενοι·οί
1270 1680 1303 1751 δέ

206 1784 245 1864 τῇ
271 1778 426 1866 φιλοτιμία
451 1778 664 1864 διακαιόμευοι,
688 1783 730 1863 μὴ
756 1784 803 1846 δτι
829 1784 1121 1866 καταφρονούμενοι,
1146 1781 1232 1847 άλλιὶ
1255 1788 1303 1849 καί

207 1873 421 1959 ιἰμέλούμευαι,
437 1878 456 1954 ἧ
473 1879 573 1960 μόνον
594 1878 788 1964 ὑφορώμενοί
806 1906 834 1941 τι
855 1886 1008 1953 τοιοῦτον,
1022 1875 1144 1964 σφόδρα
1164 1878 1303 1946 λυποῦν·

205 2000 264 2039 ται.
280 1977 339 2050 ὅση
354 1972 380 2041 δ
393 1977 456 2040 ἐστὶ
479 1978 543 2039 τῶν
565 1974 732 2061 χρημάτων
754 1976 775 2051 ἡ
794 1972 933 2060 δύναμις,
948 1976 993 2051 ὡς
1006 1974 1154 2063 φθαρτικὴ
1173 1980 1303 2043 καὶτῶν

206 2074 292 2157 φύσει
305 2078 360 2155 μὲν
375 2074 412 2139 οὐ
429 2072 558 2159 φαύλων
581 2075 693 2149 ὄντων,
710 2074 747 2139 ού
768 2076 871 2156 μέντοι
886 2074 949 2148 ἕξιν
965 2076 1035 2139 τινὰ
1050 2084 1106 2149 τῆς
1118 2073 1181 2140 κατ’
1190 2072 1303 2161 α’ρετὴν

206 2170 359 2260 ἐνεργείας
380 2173 530 2257 ἐχόντων,
545 2168 618 2251 μηδὲ
639 2172 676 2235 τιὶ
698 2174 761 2236 τῶν
783 2168 968 2257 φιλοσόφων
981 2170 1302 2258 άπηκριβωμένωυ,ό

205 2266 275 2333 καθ’
289 2269 403 2355 ἡμέραν
417 2267 494 2355 βίος
508 2266 545 2333 δι’
559 2268 696 2354 α’πείρωυ
710 2267 966 2355 παραδειγμάτων
980 2271 1112 2357 ἐλέγχει.
1127 2269 1203 2336 ἀλλ’
1215 2274 1302 2360 ὅμως

204 2368 224 2432 ὁ
239 2369 454 2449 Δημοσθένης,
469 2364 594 2453 ἀνδρῶν
609 2364 715 2431 καλῶν
734 2372 782 2431 καὶ
803 2366 935 2450 κάγαθῶν
947 2371 1199 2452 μαρτυρούντων,
1216 2368 1301 2443 τηλι·

205 2468 317 2537 κούτος
338 2468 386 2529 καὶ
409 2469 550 2539 τοιοῖπος
568 2466 626 2539 τήν
644 2490 675 2528 τε
693 2464 787 2549 φύσιν
802 2468 851 2527 καὶ
866 2465 924 2538 τὴν
936 2460 1096 2528 παίδευσιν
1109 2469 1158 2529 καὶ
1178 2467 1236 2539 τὴν
1249 2472 1305 2531 τοῦ

202 2556 282 2646 βίον
296 2565 474 2648 προαίρεσιν
488 2564 618 2647 ἐγένετο,
635 2563 711 2627 ὥστε
724 2561 782 2627 τὸν
796 2562 919 2627 τοιοῦτό
938 2588 967 2625 τι
984 2565 1054 2647 περί
1068 2560 1162 2625 αὐτοῦ
1181 2563 1303 2648 ύφαρό-

200 2686 298 2745 μενον
311 2659 439 2745 μάλλον
453 2660 492 2726 άν
506 2664 563 2736 τὴν
576 2656 656 2727 ἰδίαν
672 2664 827 2746 πονηρίαν
843 2668 1025 2735 καταστῆσαι
1039 2660 1186 2745 φανερὰν,
1211 2660 1231 2736 ἢ
1243 2663 1302 2738 τὴν

202 2761 317 2827 ἐκείνου
333 2756 518 2846 ἐξελέγχειν.
534 2764 591 2825 εἶσί
612 2761 676 2845 γάρ
694 2762 865 2845 παμμίαροί
882 2785 963 2833 τινες
982 2758 1155 2845 ἄνθρωποι,
1170 2760 1202 2825 οί
1220 2786 1303 2836 τινες

202 2862 308 2933 κακίας
331 2860 449 2931 έαυταίς
469 2860 646 2943 πανίχγυρίυ
666 2884 735 2922 τινα
759 2852 942 2933 συνειδότες,
962 2857 1083 2932 πάντας
1103 2860 1178 2932 τοὺς
1195 2858 1301 2944 ύπερίὲ

202 2981 323 3042 χοντιις
345 2959 409 3020 τῶν
421 2950 548 3039 ἀνδρῶν
567 2951 669 3029 κηλίσι
682 2960 764 3019 τισίν
777 2952 942 3038 ασελγείας
956 2981 1003 3019 και
992 2952 1197 3040 μοχθηρίας
1211 2982 1299 3020 κατα·

200 3056 360 3140 ρνπαίνειν
382 3048 622 3126 σπουδάζουσιν·
645 3054 697 3118 ’ίνα
711 3048 925 3129 δήπουθεν
889 3080 948 3128 την
962 3055 1078 3118 ἑαυτῶν
1095 3056 1300 3175 πονηρίανῆ

201 3151 352 3227 καινότητι
370 3152 434 3215 τῶν
448 3152 560 3215 παθῶν
581 3150 662 3235 πρὸς
682 3153 756 3223 τοὺς
774 3150 822 3213 ἐπ’
833 3148 925 3235 αρετῇ
937 3148 1159 3235 διαφέροντας,
1175 3152 1298 3215 συσκιά·

201 3247 337 3323 (ww-³
325 3255 421 3313 εκεῖυο
434 3250 489 3329 μέν
502 3273 551 3311 τοι
561 3247 621 3312 ούκ
642 3274 682 3311 αν
696 3244 874 3331 ἐξαρνος”
848 3274 923 3323 ειηυ,
942 3249 1018 3311 ὅτἰ’
1006 3274 1040 3311 εν
1052 3255 1121 3322 ταῖς
1135 3244 1298 3322 ἰδιωτικαῖς

199 3349 264 3411 τῶν
277 3340 428 3431 ἐρίδων,
413 3372 495 3410 εστιν
512 3348 561 3410 ὅτε
579 3370 635 3409 του
618 3340 778 3418 δέοντος
792 3345 971 3431 παρετράπη
985 3349 1004 3409 ὁ
1020 3342 1234 3427 Δημοσθένης,
1247 3350 1297 3412 καί
1354 3348 1359 3363 ’

202 3440 251 3509 διὰ
277 3446 484 3528 συκοφαντίας
506 3450 572 3517 τοῖς
597 3439 724 3529 ἐχθροῖς
746 3444 935 3526 ἐπιθέμενος.
960 3442 1005 3527 ἐφ’
1025 3444 1075 3517 οίς
1095 3441 1188 3527 ἔγωγ’
1202 3444 1298 3509 αὐτὸν

201 3539 264 3609 οἴετ’
276 3542 433 3615 ἐπαινοίην
446 3539 485 3605 ἂν
497 3537 559 3605 οὔτ’
569 3537 792 3625 ἀποδεχοίμην,
805 3541 995 3625 συγγνώμης
1004 3537 1032 3605 δ’
1043 3541 1087 3614 ὡς
1098 3538 1298 3626 ιἰνθριύσινόυ

198 3666 228 3704 τι
241 3638 396 3713 παθόντα,
411 3634 498 3709 άὲιῶ.
513 3633 648 3722 καθάπερ
664 3636 728 3722 γάρ
743 3638 773 3701 οί
789 3634 915 3723 εύφοροι
929 3642 977 3702 καί
992 3641 1101 3712 πίονες
1113 3640 1178 3703 τῶν
1188 3636 1297 3725 ιίγρῶν

199 3740 283 3813 ἐστίν
297 3734 336 3811 ἃς
350 3739 475 3801 καὶτῶν
490 3732 667 3821 βλαβερῶν
679 3732 830 3821 βοτανῶν
843 3738 985 3821 φύουσιν·
1001 3734 1144 3801 οὕτωκαὶ
1158 3739 1189 3800 αἱ
1202 3735 1297 3822 μιγά·

156 3882 163 3892 -
197 3834 252 3901 λοι
267 3837 384 3921 φύσεις,
400 3835 476 3918 ὅπερ
495 3834 653 3919 εὐστόχως
668 3836 685 3899 ὁ
702 3830 839 3899 Πλάτων
852 3830 1044 3918 άπεφόνατο,
1059 3833 1201 3918 μεγάλας
1213 3838 1295 3918 ἐκφέ·

197 3938 309 4021 ρὸυσιν
321 3934 414 3997 ἐνίοτε
428 3934 476 3996 καὶ
489 3931 546 4005 τὰς
557 3936 672 4006 κακίας.
694 3926 765 4007 ὃδὴ
776 3933 956 4013 σύμπαντος
965 3936 1022 3996 τοῦ
1033 3935 1154 4018 χρόνου
1164 3936 1195 3999 αί
1211 3935 1294 4000 ἶστο·

195 4036 260 4119 ρίαι
274 4029 355 4097 οὕτω
370 4029 506 4114 φανερὸν
518 4032 713 4106 κατέστησαν,
729 4029 806 4095 ὥστε
819 4030 985 4114 περίεργον
994 4029 1072 4095 εἶναι
1081 4031 1119 4095 τὸ
1129 4030 1294 4116 γνωρίζειν

195 4134 290 4195 τοῦτο
306 4123 355 4193 διὰ
369 4122 635 4211 παραδειγμάτων.
658 4122 733 4190 ἀλλ’
741 4127 810 4197 ὑπὸ
823 4129 943 4192 τούτων
952 4130 1017 4193 τοῖν
1030 4130 1145 4193 παθῶν
1158 4131 1201 4203 είς
1214 4128 1297 4193 τοῦτ’

196 4222 346 4299 ἐξοκεῖλαι
371 4224 428 4289 τόν
450 4221 664 4307 Δημοσθένην,
689 4224 768 4289 ὥσθ’
790 4227 897 4290 ἑκόντα
920 4230 968 4290 καὶ
988 4220 1149 4289 εἰδότα
1109 4252 1147 4310 τη
1171 4224 1294 4333 πατρίδι

195 4322 345 4413 ὀλέθριον
363 4326 546 4411 γενέσθαι,’
534 4326 663 4408 εμαυτόυ
681 4350 718 4409 γε
739 4321 865 4402 πείθειν,
886 4326 914 4395 ό,
928 4351 956 4389 τι
972 4319 1082 4399 δήποθ’
1101 4325 1198 4408 ίαέροί
1210 4327 1294 4398 τινες

195 4424 398 4509 ἐγνωκότες’
375 4427 463 4502 τισίν,
475 4422 532 4489 οὐκ
547 4450 586 4487 αν
601 4416 761 4507 δυναίμην
783 4420 981 4519 άμολογω
945 4448 1003 4504 μεν
1017 4448 1077 4507 ουν
1087 4418 1188 4508 φιλεῖν
1201 4445 1234 4485 τι
1244 4424 1293 4507 καί
