3050 4909
179 299 237 365 aiii
496 302 523 366 1.
549 304 574 367 1.
599 302 639 369 R.
664 302 727 367 ΑΙ)
750 300 1007 369 AESCHINEM

179 482 279 544 operae
293 462 366 523 mihi
381 464 529 525 mitterent
543 464 742 545 corrigendas,
753 464 843 526 uxori
863 464 1042 550 mandabam·
1063 472 1097 523 ut
1117 463 1288 548 eaemplam

177 556 384 617 Morelliaoum
399 557 469 617 milri
484 558 666 637 praelegerat,
679 558 814 637 plagulas
831 567 967 623 recentes
981 555 1132 636 relegenti,
1147 575 1185 616 ue
1200 556 1286 634 quud

178 647 357 707 vocabulum
368 648 529 721 excideret,
539 650 621 729 quod
635 648 721 710 facile
736 649 782 721 fit,
793 650 1015 730 typothetarum
1028 668 1081 709 seu
1095 647 1220 719 incuria,
1229 666 1286 709 seu

177 739 236 798 alio
260 758 440 819 quocunque
461 760 571 803 errore.
614 742 663 803 Sic
677 741 706 803 iu
720 741 839 803 edendo
848 741 994 806 AEsclriue
1015 758 1137 820 quoque
1155 739 1285 803 institui.

179 832 327 895 Dederam
343 833 465 912 quidem
477 834 576 913 operis
594 835 821 914 exprimendum
833 835 957 916 Taylori
969 835 1148 914 exemplum,
1162 835 1245 913 quod
1264 841 1293 895 ¹e·

177 925 286 993 ritioao
294 926 443 988 Wolfiauo
454 936 637 991 recantatum
647 938 702 1003 est,
714 930 768 990 sed
781 948 800 989 a
814 949 861 990 nse
871 929 953 1008 prius
966 928 1122 1008 diligenter
1130 929 1169 990 ad
1183 947 1288 993 exeruae

178 1018 261 1097 plum
276 1020 416 1097 Stephani
430 1031 607 1083 correctum.
627 1040 725 1099 neque
740 1021 812 1083 satis
827 1021 886 1081 boo
898 1020 1003 1099 habui,
1018 1020 1071 1083 sed
1088 1022 1146 1083 bao
1159 1039 1286 1101 quoque

180 1111 303 1191 insuper
314 1112 451 1175 mationa
465 1132 530 1173 sum
550 1133 631 1184 usus,
646 1120 688 1185 ut,
703 1113 822 1191 quoties
834 1112 952 1192 plagula
966 1132 1095 1192 qumque
1108 1112 1286 1193 corrigenda

148 1284 151 1291 ι
179 1224 217 1265 ea
231 1202 347 1265 officina
361 1204 400 1265 ad
415 1224 462 1267 me
477 1206 641 1279 afferretur,
655 1224 730 1265 uxor
744 1205 816 1265 milri
835 1205 979 1285 Stephani
995 1207 1285 1286 protegentem-

178 1296 272 1377 plum,
286 1306 321 1359 ut
335 1297 481 1359 laentum
497 1316 514 1358 a
528 1296 636 1357 Wolfio
651 1296 864 1359 discessionum
875 1299 915 1359 ab
928 1298 1067 1379 exemplo
1079 1298 1189 1359 Aldine
1201 1298 1288 1364 uuila

181 1408 227 1455 me
245 1401 349 1469 posset
362 1389 487 1462 fallere3
508 1389 673 1469 praesertim
695 1408 762 1451 cum
778 1404 838 1452 uua
848 1390 983 1453 libellum
1000 1391 1175 1453 variandum
1192 1391 1287 1471 inspi-

180 1501 288 1555 cerem,
303 1483 332 1542 in
347 1502 408 1561 quo
425 1481 622 1545 discessiones
643 1482 705 1543 illas
726 1482 887 1546 Wolfiuuas
899 1484 1055 1565 diligenter
1066 1493 1286 1549 adnotaveram.
1418 1482 1420 1486 ’

182 1574 253 1645 Qua
266 1574 420 1655 diligentia
430 1584 607 1637 consecutus
619 1576 676 1635 boc
690 1593 767 1648 suna,
776 1586 811 1637 ut
822 1586 926 1638 auctor
939 1596 1003 1637 esse
1014 1574 1165 1637 bonafide
1174 1578 1293 1657 possins

180 1686 254 1728 nreoe
262 1666 402 1729 editionis
412 1667 586 1739 emtoribus,
598 1678 634 1731 ut
647 1666 813 1741 confidant,
823 1689 855 1730 se
866 1688 925 1730 non
933 1678 1107 1748 corruptum
1117 1670 1288 1749 exemplum

181 1759 370 1837 Wolfianum,
392 1760 444 1821 sed
469 1760 628 1841 genuinum
650 1761 805 1841 saldinum,
825 1782 889 1838 seu,
911 1762 993 1842 quod
1016 1762 1095 1825 idern
1116 1762 1209 1825 ferum
1228 1773 1286 1834 est,
1362 1791 1364 1794 ·

180 1853 390 1933 Stephsuicum
405 1854 523 1925 babere,
535 1854 591 1915 nisi
603 1854 658 1916 ubi
671 1864 754 1917 certo
768 1864 800 1915 et
814 1855 1019 1934 praemeditato
1031 1856 1168 1929 oonsilio,
1182 1874 1286 1935 graues

179 1945 221 2005 ob
235 1965 350 2021 musas,
366 1945 405 2007 de
427 1945 536 2024 quibus
557 1964 576 2007 a
596 1966 642 2007 me
663 1945 736 2007 satis
750 1945 861 2007 iactum
875 1967 952 2019 esse,
966 1946 1028 2008 sire
1046 1946 1145 2008 statim
1164 1948 1195 2007 in
1213 1947 1287 2008 sub-

175 2036 266 2115 jectis
279 2039 592 2111 animadversionibus,
607 2039 667 2099 sire
688 2040 717 2099 in
738 2039 816 2100 libro
837 2039 1022 2112 vadantium,
1039 2039 1178 2112 'confido
1192 2058 1211 2101 a
1224 2039 1285 2119 pri·

180 2130 316 2209 migeniis
339 2132 395 2193 illis
416 2130 606 2207 editionibus,
621 2130 775 2193 admonito
797 2131 909 2215 ubique
929 2132 1065 2193 locorum
1082 2133 1204 2205 lectore,
1224 2131 1287 2192 dis.

181 2244 267 2285 cesar.

623 2357 752 2427 SEc'l'.
775 2360 847 2427 III.

527 2556 535 2565 ,
565 2496 758 2559 Deediliosur
772 2494 908 2574 Tuylori.

221 2612 379 2691 'l'aylorum
406 2612 549 2672 decuerat
580 2608 702 2689 perinde
727 2619 848 2670 cautum
874 2608 975 2670 luisse.
1016 2608 1073 2671 llle
1099 2626 1181 2683 reru,
1207 2612 1287 2693 prou

181 2702 324 2779 dedeous,
348 2704 508 2765 editionem
533 2702 743 2765 Demosthenis
760 2710 854 2781 atque
870 2700 1031 2777 AEscbinis,
1051 2703 1288 2782 aquafutururu

182 2797 387 2874 sperabamus,
403 2804 437 2858 ut
451 2816 554 2858 omnes
569 2796 647 2868 alise,
660 2794 843 2874 antiquiores
857 2804 949 2868 certe,
966 2796 1171 2870 obmereutnr,
1184 2796 1288 2858 wolli-

182 2908 270 2949 anum
285 2888 581 2968 utriusque'auctoris
596 2888 763 2968 exemplum
782 2888 881 2969 operia
901 2889 963 2949 suis
974 2889 1178 2951 recudendum
1190 2890 1288 2964 dedit,

183 3002 245 3061 quo
259 2993 375 3062 turpem
386 2982 472 3063 operi
486 3002 540 3043 suo
554 2982 698 3043 maculant
713 2982 830 3054 inussit,
852 2981 956 3043 landes
971 2986 1037 3063 ejus
1056 2988 1144 3063 pene
1157 2992 1290 3063 prosen-

182 3077 225 3137 sit
240 3095 352 3149 omues,
371 3076 531 3156 effecitque
550 3085 583 3136 ut
596 3075 690 3137 editio
705 3074 966 3155 Cantabrigiensis,
980 3074 1069 3136 fidem
1085 3076 1247 3137 lectionum
1260 3078 1289 3138 ai

183 3180 311 3251 spectes,
329 3172 417 3232 etiam
441 3170 581 3231 Parisiuae
601 3168 639 3230 sit
660 3169 879 3248 posthabenda.
918 3169 1071 3249 Perpetuo
1088 3188 1157 3229 oum
1179 3168 1290 3231 Wolfio

184 3265 319 3342 queritur
344 3274 375 3325 et
403 3264 525 3335 dautur,
553 3262 583 3323 iu
608 3282 736 3343 eumque
760 3261 894 3334 deserit,
916 3271 951 3322 nt
973 3264 1048 3322 texti
1072 3270 1288 3341 corruptorem.

183 3356 247 3416 Cur
258 3358 347 3436 igitur
363 3376 478 3419 coeoum
493 3356 601 3417 ducem
615 3355 711 3415 scieas
727 3356 869 3433 sequeris,
884 3354 994 3415 relictis
1009 3354 1136 3414 oculatis
1149 3354 1289 3429 ducibus,

185 3450 238 3527 qui
252 3444 363 3527 praesto
381 3458 476 3520 erant,
491 3467 568 3526 quos
590 3468 645 3509 usu
663 3448 800 3527 cognitos
820 3447 972 3508 habebasl
999 3448 1063 3507 cnr
1083 3446 1226 3509 lectiones
1247 3470 1291 3511 re-

184 3543 299 3620 coquis‚
320 3562 395 3623 quas
416 3543 479 3621 ipse
495 3540 569 3601 'tute
582 3543 753 3621 imposturae
768 3541 901 3612 damnas,
921 3541 953 3600 in
967 3549 1088 3619 promtu
1107 3560 1176 3601 cum
1189 3552 1289 3603 essent

185 3635 318 3697 meliores
329 3638 358 3699 i.
375 3637 438 3697 Cur
453 3656 522 3707 uon,
540 3645 574 3696 ut
591 3654 647 3714 ego
666 3634 737 3715 leci,
759 3643 814 3695 ant
834 3633 1044 3694 Morellianum
1065 3632 1288 3707 Demosthenis,

184 3736 237 3788 aut
250 3728 461 3807 Stephanicum
482 3727 629 3789 AEschiuis
644 3728 812 3807 exemplum
829 3727 928 3806 operis
941 3728 1001 3787 tuis
1014 3728 1044 3787 in
1056 3710 1160 3785 medus
1172 3726 1289 3787 dahasl

184 3820 268 3889 Quas
282 3830 312 3881 te
326 3820 454 3882 decebat
467 3820 589 3882 mendas
601 3820 712 3893 eluere,
732 3818 800 3879 navi
813 3827 844 3879 et
857 3818 991 3898 religiosi
1009 3817 1133 3879 editoris
1151 3816 1177 3877 ai
1198 3820 1290 3881 uelles

184 3914 319 3995 partibus
331 3914 512 3987 miniscere,
528 3934 602 3993 quas
616 3913 694 3973 ultro
708 3920 809 3993 partes
822 3914 1014 3991 suscepisses,
1032 3930 1088 3972 eur
1098 3930 1151 3973 eas
1163 3912 1288 3975 flendae

183 4027 342 4089 propagas,
356 4016 388 4069 et
409 4007 510 4069 inseiis
523 4017 615 4086 atque
628 4004 866 4087 imprudentibus
878 4006 1048 4067 chartarum
1061 4014 1177 4067 tamtum
1190 4006 1290 4086 splen·

185 4101 258 4161 dore
272 4110 386 4163 tanturn
400 4120 461 4162 uon
474 4100 685 4161 commendari
717 4099 800 4160 Eune
815 4107 862 4160 est
879 4097 1015 4160 desidiai
1049 4098 1106 4159 Est
1121 4099 1200 4159 euim
1219 4119 1292 4162 vero

185 4192 300 4255 desidia
310 4204 341 4253 et
355 4192 471 4273 ignavia
483 4190 703 4264 inexcusabilis,
719 4201 750 4251 et
764 4191 942 4271 parsimonia
956 4190 1103 4269 ignobilis.
1122 4192 1290 4272 (originem

185 4286 254 4347 mali
263 4306 294 4365 p.
307 4293 377 4349 2⁴9.
387 4298 418 4347 et
431 4304 462 4365 p.
477 4290 546 4349 705.
562 4282 689 4364 aperui.)
715 4282 761 4343 Tu
775 4304 848 4343 vero
860 4302 899 4343 ue
910 4282 1089 4344 Wolliaonm
1103 4283 1224 4362 quidem
1238 4304 1291 4345 ex·

185 4380 313 4458 emplum
325 4378 469 4439 sincerum
478 4376 644 4438 reddidisti.
659 4376 913 4457 Flagitiosissimas
921 4394 1057 4455 quasque
1067 4375 1133 4452 ejus
1145 4376 1290 4439 lectiam

185 4490 252 4537 cum
266 4470 407 4549 relinquis
420 4470 568 4545 immotas,
579 4480 609 4532 et
623 4468 714 4532 uadis
728 4468 867 4551 posteris,
880 4478 972 4547 atque
984 4468 1123 4534 obtrudis
1135 4468 1216 4532 relat
1228 4469 1291 4533 ola·
