3050 4909
212 351 313 420 xxxvi
591 346 633 415 C.
656 342 691 415 F.
710 340 940 412 'MA‘l'l'HAEl

78 476 83 487 Ι
211 496 386 573 aurelianis
400 516 445 570 eut
459 478 651 589 reprehensio
665 505 878 569 Demosthenis
890 515 923 567 et
942 503 1076 567 defensio
1089 503 1249 578 Eoubiuis,
1270 504 1324 583 qui

211 604 289 667 lntcr
302 606 417 683 legatos
431 603 499 663 illos
512 603 637 665 fuerant.
679 602 758 672 Quia
773 601 862 680 hujus
875 599 1052 662 narrationis
1066 618 1157 680 surpra
1163 598 1230 677 jam
1240 616 1324 660 men·

213 696 403 771 tioneml’eci,
424 697 683 758 duarum‘alrarum
698 694 899 757 narrationum
913 694 1177 774 enemplapornm,
1197 702 1230 754 et
1249 692 1325 771 quid

213 792 244 851 lu
255 790 290 850 iis
303 792 342 851 sit
351 790 540 869 probandum
551 790 719 871 explicabo.
755 788 931 849 'limarcbus
942 795 1008 848 erat
1021 787 1154 881 quidem,
1163 786 1253 847 bomo
1263 804 1325 846 nou

213 882 361 965 ignobilis,
372 894 475 945 mator
488 884 626 945 civitatis.
660 885 692 945 Is
706 902 776 945 cum
790 882 992 943 Demosthene
1006 880 1154 941 AEsoirims
1164 898 1273 941 nomeu
1282 880 1325 940 ob

215 976 393 1057 legationem
415 978 504 1039 modo
524 978 638 1040 dictam
657 977 815 1039 detulerat
855 974 899 1035 Ut
916 988 993 1054 ergo
1010 972 1219 1046 adamnan,
1232 972 1328 1033 bomi-

214 1088 282 1131 uem
295 1071 465 1151 improbam
479 1078 509 1133 et
523 1070 724 1143 llbldlnosum,
738 1071 820 1150 prius
833 1066 990 1129 lacessitus
1003 1068 1196 1130 ulcisceretur
1209 1066 1328 1127 AEscbi·

216 1182 278 1239 nes,
293 1167 407 1245 exlege
428 1165 545 1227 Solonis
563 1166 602 1227 dc
623 1175 775 1228 oratorum
788 1160 947 1242 disciplina
959 1161 1126 1241 δοκιμασίαν
1137 1161 1168 1221 ei
1182 1158 1327 1221 denunti

216 1270 328 1321 averet.
370 1260 450 1321 llinc
464 1260 590 1321 maxime
603 1278 673 1340 pars
693 1256 892 1319 accusationis
906 1254 939 1316 in
951 1254 1123 1317 enarrandis
1135 1253 1255 1333 flagitiis
1274 1253 1328 1312 'l'i-

217 1352 328 1414 marchi
342 1362 487 1414 versatur.
519 1354 592 1415 Post
605 1352 826 1415 excusationem
839 1360 871 1412 et
883 1348 1131 1430 praeparationem
1144 1346 1326 1421 nuditatum,

216 1466 253 1507 ne
268 1448 391 1507 moleste
408 1446 516 1521 ferant,
531 1447 554 1506 si
568 1448 606 1509 de
617 1446 771 1509 Timarchi
783 1445 845 1505 rita
864 1443 1012 1517 dicturus,
1030 1451 1158 1522 cogatur
1175 1439 1327 1502 interdum

216 1553 314 1601 reram
330 1542 426 1601 miuus
441 1542 632 1603 bonestorum
645 1540 824 1603 mentionem
839 1538 947 1611 tmere,
962 1537 1118 1598 AEscbines
1133 1535 1199 1597 baec
1211 1542 1327 1597 uenat:

215 1636 252 1714 (r.
266 1634 397 1721 Τιμάρχ.
411 1642 435 1710 ξ.
446 1635 480 1713 ἰ.)
501 1636 659 1713 Μισγόλας
672 1638 735 1697 tirel
747 1660 791 1703 τις
806 1633 999 1714 Ναυκράτους,
1014 1628 1152 1711 ddrdpec
1162 1626 1328 1705 Ἀθηναῖοι,

216 1728 388 1801 Κολυττεὺς,
402 1764 442 1775 -·
456 1730 607 1811 ἀκολάστῳ
619 1734 682 1810 περὶ
695 1736 794 1804 ταῦτα,
813 1729 921 1808 eipuioc
938 1726 992 1788 ὅν,
1033 1726 1133 1805 Hujus
1152 1722 1328 1785 wttilonis

217 1840 362 1882 summum
387 1820 546 1884 artificium
573 1824 654 1884 haud
675 1824 734 1884 alia
757 1822 873 1885 ratione
893 1820 986 1897 magis
1009 1818 1175 1899 apparebit,
1191 1836 1280 1898 quam
1303 1817 1329 1878 si

218 1914 336 1974 brevem
370 1934 511 1977 summam
540 1934 637 1978 rernm
667 1914 898 1977 necessariarum
932 1912 1100 1984 fecerimus,
1126 1920 1159 1973 et
1185 1912 1259 1992 quid
1288 1912 1329 1972 ab

173 2060 176 2069 .
218 2009 342 2069 oratoris
368 2010 488 2089 ingenio
515 2011 681 2089 profectum
708 2010 757 2083 sit,
785 2006 1080 2069 consideraverimus.
1106 2007 1257 2079 ·Brevius¹
1281 2006 1329 2067 di·

218 2120 286 2163 uere
299 2104 397 2182 potuit
412 2104 473 2164 sic:
494 2104 654 2181 Μισγόλας
666 2104 845 2184 ἐμισθύσιισο
856 2100 1011 2181 Τίμαρχον
1029 2102 1076 2160 rol
1092 2099 1161 2182 ἔσχε
1179 2103 1245 2182 rnp'
1263 2102 1332 2163 inu·

217 2199 265 2275 σᾷ,
289 2202 356 2255 νέον
383 2197 453 2258 ὅντα
479 2201 525 2257 rol
547 2200 671 2273 ἀσελγῆ,
691 2196 777 2264 αὐτὸς
796 2196 958 2261 ἀκόλαστος
977 2193 1028 2253 ὃν.
1068 2193 1127 2255 Sed
1150 2202 1332 2257 seronior

219 2288 270 2348 illo
291 2288 381 2350 ιιιιιάιι
405 2290 505 2369 potius
525 2290 673 2352 narravit?
693 2290 824 2351 Primum
850 2296 887 2350 ut
909 2288 1041 2349 narratio
1058 2295 1144 2349 ‘esset
1169 2290 1331 2369 perspicua

219 2390 252 2441 et
273 2384 406 2465 ἐναργής.
449 2384 518 2445 llos
539 2384 641 2448 effecit
660 2392 777 2445 servato
804 2399 903 2445 rernm
922 2380 1035 2442 ‘ordine
1060 2390 1095 2443 et
1118 2383 1331 2445 consemtioue

220 2478 419 2557 notandisque
440 2479 633 2558 περιστάσεσι.
674 2476 824 2549 Secundo,
840 2485 875 2537 ut
888 2484 967 2537 esset
979 2474 1142 2555 probabilis
1154 2484 1186 2537 et
1204 2485 1330 2539 morata.

219 2570 289 2629 lloc
311 2578 358 2630 est
378 2579 565 2644 consecutus,
591 2570 730 2631 notandis
742 2570 877 2629 moribus
891 2568 1039 2648 Misgolse‚
1053 2568 1205 2629 Timarebi
1218 2578 1251 2631 et
1262 2588 1331 2632 suo.

220 2682 285 2727 rum
300 2664 402 2744 ipsius.
437 2664 555 2737 Tertio,
569 2674 603 2726 ut
617 2664 735 2745 gravius
745 2662 977 2743 reprehenderet
988 2663 1188 2738 Timarchum,
1203 2666 1331 2744 quinon

220 2766 342 2818 coactus
356 2756 467 2837 inopia,
488 2758 542 2819 sed
563 2758 705 2819 suadente
726 2756 851 2817 libidine
871 2765 903 2817 et
923 2757 1037 2818 luxuria
1056 2766 1171 2819 tautum
1184 2758 1330 2841 flagitium

220 2858 430 2931 perpetrasset.
471 2850 598 2925 Quarto,
613 2868 650 2913 ae
670 2858 750 2913 esset
768 2848 890 2911 iudceta
911 2859 943 2911 et
968 2851 1100 2913 honestis
1121 2852 1244 2914 auribus
1266 2876 1331 2916 mo·

221 2945 305 3017 lestu,
319 2946 534 3025 turpitudinem
550 2946 621 3006 lacti
633 2946 731 3006 verbis
748 2944 970 3005 honestioribus
984 2955 1066 3006 caste
1079 2946 1165 3007 texit.
1206 2948 1332 3023 Quinto,

222 3048 256 3098 ut
269 3046 347 3098 esset
359 3040 464 3113 brevis,
480 3040 593 3100 nullum
607 3039 730 3101 verbum
742 3048 854 3100 temere
867 3038 994 3099 addidit.
1035 3039 1251 3119 Relegeutibus
1264 3062 1332 3103 nar·

223 3131 366 3191 rationem
378 3131 473 3211 ipsum
483 3132 594 3206 omnia,
604 3150 672 3212 quoe
686 3131 759 3206 dixi,
773 3140 860 3193 crunt
873 3132 1045 3212 perspicua,
1058 3142 1090 3193 et
1101 3135 1333 3198 omnesAEsclri·

229 3225 276 3285 nis
286 3226 498 3305 eloquentiam,
512 3226 613 3306 quoad
628 3227 825 3299 narrationes,
836 3226 1072 3288 admirabuntur.
1100 3226 1197 3289 Paulo
1209 3240 1279 3309 post
1292 3230 1332 3292 de

223 3318 329 3382 eodem
343 3320 505 3382 'limsrcbo
517 3329 547 3382 et
562 3318 768 3401 Hegesandro,
782 3320 867 3381 istius
881 3320 911 3379 iu
926 3320 1119 3398 improbitate
1131 3322 1225 3394 socio,
1241 3340 1332 3403 quam

223 3414 438 3475 contumeliose
459 3415 614 3475 tractarint
635 3414 822 3486 Pittalaoum,
837 3432 968 3493 quocum
987 3413 1166 3476 Timarcbus
1187 3416 1335 3481 babuerat

223 3508 479 3581 consuetudinem,
507 3508 701 3589 Hegesaudro
727 3517 828 3569 tamen
854 3506 1021 3569 accedente
1045 3509 1262 3589 repudiaverat,
1290 3513 1333 3573 ita

225 3611 334 3673 narrat,
349 3611 383 3662 ut
396 3602 486 3662 risum
506 3602 555 3661 vix
576 3610 677 3662 tenere
695 3601 792 3662 lector
808 3602 913 3680 possit.
928 3600 1015 3677 (ibid.
1029 3608 1054 3678 ς.
1069 3602 1133 3680 ιγ’.)
1139 3594 1334 3684 ’μεθυσθέντες

225 3696 286 3776 γᾶρ
303 3712 371 3757 sore
386 3699 431 3783 rel
445 3698 524 3758 almi
537 3695 725 3773 (Plutarchus
738 3703 771 3757 et
789 3695 1121 3774 HegeunderHirnpv
1140 3699 1259 3781 ἔκᾰσέργ
1280 3705 1333 3761 αὖ·

224 3802 282 3852 τῶν
302 3790 459 3870 λαγχάνει.
501 3789 561 3851 Hic
573 3800 643 3851 ante
657 3790 756 3852 omnis
769 3789 965 3850 animadverti
979 3790 1094 3851 debent
1110 3808 1206 3851 mores
1219 3792 1335 3854 'limar-

173 3934 178 3943 ,
225 3884 287 3960 obi,
296 3884 480 3963 Hagesandri
493 3895 523 3944 et
537 3884 684 3947 Pittulaci.
712 3886 784 3947 lllos
799 3884 899 3946 statim
913 3885 1013 3947 reddit
1026 3892 1114 3945 notos
1126 3886 1167 3945 ab
1177 3887 1335 3963 ebrietate,

225 3978 358 4050 sauciis,
373 4000 391 4040 a
404 3978 534 4039 uiolenta
553 3978 716 4059 irmptione
729 3988 761 4041 et
780 3987 935 4051 nocturna,
949 3997 966 4038 a
987 3977 1163 4059 petulantia,
1176 3998 1195 4040 a
1208 3982 1336 4043 crudeli·

227 4082 299 4153 tate,
314 4092 333 4133 a
354 4072 468 4145 timore,
483 4082 513 4133 et
533 4072 666 4134 libidine.
707 4072 795 4133 Hunc
808 4072 996 4144 Pittalacum,
1009 4072 1192 4133 recensenda
1205 4073 1272 4152 ejus
1285 4095 1334 4134 su·

226 4166 378 4247 pellectili‚
393 4166 512 4243 damno,
530 4164 633 4247 plagis,
649 4166 787 4238 clamore,
802 4165 1006 4228 denudatione
1026 4167 1170 4245 corporis,
1184 4167 1336 4247 supplica·

227 4260 318 4333 tione,
339 4276 488 4320 concursu
510 4259 672 4332 hominum,
695 4260 847 4320 blanditiis
866 4268 897 4320 et
913 4258 1049 4320 irrisione
1061 4260 1223 4333 Timarchi,
1237 4260 1337 4341 inopi·

227 4363 300 4415 nato
312 4374 330 4413 e
344 4352 411 4415 loro
426 4352 523 4414 reditu
538 4360 569 4414 et
583 4353 636 4427 ira,
654 4352 696 4413 ila
710 4350 865 4427 describit,
881 4360 916 4414 ut
934 4370 971 4413 ea
990 4353 1089 4414 omnia
1103 4352 1205 4415 sidere
1222 4360 1255 4415 et
1273 4370 1334 4415 rem

227 4466 296 4511 uere
310 4446 418 4509 iactam
432 4454 531 4527 pules.
572 4448 647 4510 'l'um
662 4446 711 4509 illa
726 4448 814 4528 longe
827 4447 1019 4522 facetissima,
1033 4446 1087 4507 ubi
1100 4446 1131 4507 ln
1144 4448 1236 4509 serbo
1249 4449 1335 4531 irrep·-

227 4544 433 4619 oynvutsriouc
444 4542 586 4606 rationem
600 4542 717 4605 consilii
732 4538 870 4603 Pittulaci
883 4540 993 4614 reddit,
1005 4540 1160 4603 Thnatulli
1174 4541 1336 4605 himilitas
