3050 4909
559 305 610 371 IN
632 302 899 374 AESOHINEM.
959 306 963 317 '
1218 306 1290 373 373ι

189 462 257 523 rsit
271 463 351 525 alind
362 462 499 544 ejusdem
506 460 624 527 Aldinae
633 462 798 546 exemplum
808 466 990 528 Bemardinb
1001 464 1189 537 simillimum,
1200 464 1283 543 qu'od

187 555 259 615 item
271 576 289 616 a
302 559 452 637 Scaligero
465 561 666 640 conscriptum
681 560 784 619 iisdem
799 560 908 619 notulis
922 560 1042 629 dicitur,
1058 556 1284 637 penes'Petrnm

189 648 421 727 wesselingium,
437 654 608 714 excellentis
625 652 772 713 doctrinae
794 662 825 713 et
844 644 1033 713 humanitatis
1047 653 1149 722 viram,
1167 671 1184 710 e
1198 650 1284 727 eujus

188 741 368 803 bibliotheca
384 745 413 802 in
428 744 652 822 Ultrajectinam
667 746 816 825 publicam
831 742 954 805 transiit.
986 742 1212 819 Ultrajectinum
1227 742 1285 801 hoc

188 840 356 916 exemplum
364 842 604 902 cum'Oxoniensi
617 843 789 920 plerumque
804 842 951 911 convenit,
966 840 1022 899 nisi
1036 836 1118 917 quod
1127 840 1199 927 alias
1212 856 1286 918 pan-

189 930 269 990 ciora
282 932 343 1004 illo,
357 930 428 992 alia's
441 930 629 1012 plnra'tenet.
651 935 824 1013 Exemplum
836 933 1005 993 Osoniense
1016 950 1109 992 meam
1121 931 1149 989 in
1162 931 1285 1010 gratiam

190 1024 370 1103 exscripsere
382 1026 443 1085 dno
456 1024 660 1087 adolescentes
671 1026 789 1106 egregie
804 1026 910 1086 literati
925 1034 956 1086 et
970 1021 1100 1103 magnam
1112 1024 1150 1084 de
1161 1044 1192 1082 se
1202 1042 1286 1102 apem

189 1129 333 1191 creantes,
344 1119 557 1180 Grieshachins
567 1131 599 1179 et
607 1121 725 1200 Whyte.
748 1120 963 1179 Griesbachius
977 1122 1014 1177 A.
1024 1120 1070 1178 Μ.
1084 1124 1139 1187 est,
1153 1116 1286 1175 alumnus

189 1209 315 1271 celebris
330 1212 458 1292 theologi
473 1214 611 1273 Halensis
625 1214 757 1287 Semleri,
776 1212 962 1284 Ramhachii,
984 1210 1115 1289 theologi
1134 1209 1287 1287 quondam

190 1304 259 1364 item
273 1307 419 1380 Halens‘is,
433 1300 623 1386 postmodum
636 1308 787 1378 Giessani,
802 1328 838 1368 ex
851 1300 913 1367 filia
931 1324 1035 1386 nepos,
1055 1324 1144 1384 quem
1160 1304 1288 1363 llamba-

190 1396 300 1466 chium‚
315 1418 371 1476 ego
384 1419 458 1477 puer
470 1400 569 1460 adhuc
583 1400 668 1459 llalar
682 1420 750 1461 cum
762 1401 895 1460 audirem
914 1419 970 1479 pro
983 1400 1127 1460 concione
1140 1398 1230 1458 verba
1243 1398 1287 1456 fu-

189 1490 326 1564 cientem,
344 1501 375 1551 et
396 1512 476 1572 saepe
497 1493 607 1564 audiri,
628 1494 769 1553 recordor
789 1492 969 1571 adhucdum,
989 1512 1079 1571 quam
1094 1491 1147 1551 sim
1163 1490 1286 1550 audiens

190 1582 365 1643 delectatus.
397 1585 452 1645 Ille
465 1585 566 1664 itaque
577 1585 802 1657 Griesbachius,
815 1604 869 1663 per
884 1584 1020 1645 Arabicae
1035 1586 1143 1663 lingua
1157 1582 1286 1643 studium

190 1676 272 1747 mihi,
285 1696 354 1735 eum
364 1693 455 1752 penes
469 1696 523 1736 nos
538 1678 648 1754 Lipsiae
661 1697 769 1737 anunm
781 1678 921 1754 exigeret,
933 1678 1120 1750 conciliatus,
1134 1676 1162 1735 in
1174 1676 1289 1734 Britan-

189 1768 267 1828 niam
289 1766 450 1845 prolectas,
465 1770 576 1828 Oxonii
597 1770 710 1829 scholia
731 1769 770 1830 ad
785 1768 932 1829 AEschinis
952 1770 1114 1828 orationem
1128 1770 1157 1829 in
1173 1769 1287 1828 Timar·
1411 1828 1412 1833 ,

190 1860 280 1920 chum
293 1861 357 1939 ipse
371 1880 457 1920 manu
472 1882 525 1921 sua
539 1882 555 1921 e
569 1862 647 1922 libro
660 1862 802 1922 Bemardi
813 1881 881 1921 cnm
896 1859 1108 1938 exscripsisset,
1122 1860 1159 1921 ad
1175 1880 1222 1921 me
1236 1863 1288 1921 mi·

191 1952 239 2022 sit,
263 1972 319 2011 una
340 1973 408 2013 cum
431 1954 548 2013 scholiis
568 1954 598 2012 in
620 1953 694 2013 duas
710 1954 838 2032 reliquas
858 1954 1016 2023 orationes,
1032 1972 1104 2031 quas
1120 1962 1152 2012 ut
1164 1972 1244 2012 meos
1258 1954 1288 2012 in

191 2065 261 2105 usus
280 2047 468 2117 exscriberet,
488 2059 674 2126 permoverat
688 2049 851 2127 Whytinm‚
865 2048 1076 2117 Osoniensem,
1096 2066 1184 2125 quem
1199 2048 1288 2105 audio

192 2135 317 2196 mirifico
331 2138 468 2199 Arabicae
480 2140 639 2199 literaturae
653 2140 753 2200 studio
767 2142 919 2211 exarsisse,
935 2150 964 2199 et
980 2140 1187 2199 Alcoranicum
1202 2138 1288 2197 Lexi-

193 2250 250 2290 cou
263 2230 402 2303 condere,
415 2243 544 2310 coeptum
559 2233 645 2311 longe
658 2233 850 2304 utilissimum,
864 2243 895 2294 et
907 2233 948 2294 ita
958 2234 1165 2302 necessarium,
1178 2241 1212 2291 ut
1226 2231 1289 2290 sine'

193 2324 276 2384 clare
293 2324 472 2385 Alcoranica
493 2325 587 2404 ipsam
607 2346 696 2404 posse
719 2328 900 2387 literaturam
922 2325 1080 2387 Arabicam
1105 2324 1289 2384 efflorescere

192 2438 305 2495 negem.
347 2418 432 2477 Faslt
449 2419 534 2491 deus,
553 2430 586 2477 nt
600 2430 729 2497 creptum
745 2420 803 2479 hoc
819 2419 897 2478 omni
911 2418 1009 2489 laude,
1024 2416 1289 2496 prosperrimisque

192 2512 379 2571 successibus
400 2510 602 2590 dignissimum
623 2510 750 2571 feliciter
768 2510 903 2591 Whytius
925 2520 1110 2585 exsequatur.
1152 2510 1289 2569 Accessit

191 2604 229 2663 ad
244 2605 308 2664 haec
320 2605 491 2682 apographa
505 2604 623 2664 Oronio
637 2604 735 2663 adme
749 2605 835 2664 missa
852 2606 907 2665 sub
919 2603 997 2663 idem
1011 2602 1072 2663 sere
1083 2612 1200 2681 tempus
1214 2621 1288 2681 apo·

191 2699 335 2776 graphum
345 2697 413 2757 libri
426 2698 657 2777 Wesselingiani,
671 2718 748 2757 nunc
761 2699 961 2778 Ultrajectini,
971 2717 990 2757 a
999 2696 1143 2769 Goensio,
1154 2698 1192 2756 V.
1200 2697 1236 2757 C.
1249 2696 1288 2755 ad

191 2812 237 2854 me
251 2793 380 2862 missum,
402 2792 464 2871 qui,
484 2795 660 2852 anctoritate
675 2792 798 2853 Sebaldi
812 2793 908 2863 Ravii,
922 2793 958 2851 V.
970 2792 1006 2851 C.
1022 2799 1129 2863 motas,
1145 2790 1201 2849 hoc
1215 2788 1288 2849 mihi

192 2886 307 2958 tribuit,
321 2894 355 2945 ut
369 2904 556 2963 quaecunque
572 2886 646 2945 liber
664 2886 712 2945 ille
735 2894 828 2956 tenet,
849 2906 868 2946 a
889 2886 1050 2963 Scaligero,
1072 2891 1106 2943 ut
1124 2884 1236 2956 volunt,
1258 2884 1288 2942 in

190 2979 372 3058 marginibus
386 2978 507 3058 scripta,
518 2979 581 3058 ipse
591 2980 772 3040 exscriberet
781 2978 820 3038 ad
832 3000 878 3038 me
889 2978 1043 3050 mittenda,
1054 2996 1114 3036 non
1125 2976 1163 3037 ad
1173 2976 1289 3036 AEschi-

189 3091 256 3131 nem
272 3072 377 3143 solum,
392 3072 443 3131 sed
459 3071 497 3131 ad
512 3091 612 3131 omnes
627 3073 757 3151 reliquos
773 3091 895 3150 quoque
910 3073 1034 3130 Graecos
1049 3078 1191 3129 oratores.
1212 3070 1289 3127 Tan·
1332 3129 1334 3141 ,

190 3164 258 3224 dem
272 3165 376 3243 paucis
390 3174 458 3223 ante
469 3164 617 3224 mensibus
627 3164 764 3224 londino
773 3164 811 3221 ad
823 3184 868 3222 me
878 3164 956 3221 misit
969 3162 1114 3222 Antonius
1125 3160 1288 3235 Ashewius,

190 3258 228 3318 V.
237 3258 274 3317 C.
288 3259 364 3316 inter
377 3257 434 3316 alia
447 3256 594 3316 volumina
608 3276 731 3316 numero
745 3276 835 3333 quam
849 3256 985 3335 plurima,
1006 3254 1114 3333 quibus
1132 3252 1245 3332 Taylor
1258 3254 1288 3312 in

190 3349 360 3411 adornanda
381 3368 432 3409 sua
453 3350 662 3409 Demosthenis
680 3349 810 3409 editione
829 3368 898 3408 usus
919 3357 992 3421 erat,
1008 3347 1154 3407 volumina
1173 3347 1234 3406 duo
1251 3346 1288 3407 ad

192 3446 359 3505 AEschinem
375 3446 469 3504 solnm
483 3444 672 3523 pertinentia,
692 3463 759 3523 qna
775 3463 853 3503 nunc
869 3462 958 3521 penes
973 3463 1019 3504 me
1034 3451 1113 3503 sunt.
1155 3442 1288 3501 Alterum

190 3548 237 3598 est
256 3538 339 3609 illud,
361 3537 443 3616 quod
464 3537 630 3597 orationum
645 3537 793 3597 AEschinis
813 3537 977 3614 exemplum
998 3544 1089 3606 tenet,
1111 3555 1146 3594 ex
1165 3533 1288 3594 llenrici

193 3632 335 3710 Stephani
357 3650 484 3710 corpore
498 3618 842 3692 Graecomm'oratorum
861 3631 1005 3689 minorum
1019 3628 1162 3701 evulsum,
1178 3626 1292 3687 chartis

191 3722 354 3798 interjectis
376 3724 559 3793 distinctum,
581 3723 689 3801 qulbus
709 3723 822 3783 chartis
841 3724 961 3801 Taylor,
985 3730 1095 3801 praeter
1115 3720 1288 3780 collationes

191 3814 329 3874 codicum
343 3815 516 3889 bocherani,
531 3815 703 3895 Harleyaui,
723 3826 753 3877 et
768 3816 926 3887 Meadiani,
942 3816 1031 3875 etiam
1045 3813 1166 3874 Scholia
1180 3814 1290 3873 Graeca

190 3907 222 3965 in
236 3906 448 3980 Timarcheam,
469 3928 528 3967 non
548 3909 617 3969 item
639 3908 667 3966 in
689 3910 817 3987 reliquas
832 3908 905 3969 duas
920 3906 1067 3967 orationes
1082 3906 1291 3985 adscripscrat,

192 3999 296 4059 eadem
309 4019 376 4058 eum
390 3998 458 4072 illis,
472 4019 538 4074 quae
552 4001 580 4059 ln
595 4001 780 4061 Bernardino
794 4010 824 4061 et
839 4001 1037 4078 Ultrajectino
1050 4000 1128 4060 libro
1144 4002 1290 4079 leguntur.

193 4094 254 4153 Sed
267 4091 370 4172 accepi
384 4112 505 4171 quoque
520 4094 550 4153 in
565 4094 681 4153 schedis
694 4094 752 4153 illis
771 4094 944 4174 Tayloranis
964 4094 1041 4154 aliud
1062 4096 1209 4171 volumen,
1230 4113 1291 4172 quo

192 4195 348 4247 consutum
366 4196 431 4246 erat
451 4186 618 4265 exemplum
632 4186 828 4264 Timarcheae,
846 4207 882 4247 ex
896 4186 1024 4247 editione
1039 4187 1167 4267 Taylori,
1181 4186 1291 4247 chartis

192 4284 274 4361 puris
287 4282 507 4361 interpolatum,
518 4266 625 4357 quibus
637 4281 748 4341 chartis
757 4282 871 4360 Taylor
880 4280 974 4340 varias
985 4280 1127 4341 lectiones
1139 4280 1291 4340 Meadiani

193 4373 306 4434 codicis
320 4374 358 4434 ad
372 4373 450 4433 illam
463 4371 680 4444 Timareheam,
699 4381 730 4432 et
744 4382 888 4451 practerea
903 4371 1024 4431 Scholia
1042 4372 1072 4431 iu
1088 4372 1210 4432 eandem
1224 4390 1292 4429 ora-

192 4466 304 4526 tionem
317 4486 353 4526 ex
368 4466 473 4527 eodem
487 4465 592 4527 codice
606 4467 700 4545 petita
712 4465 911 4543 inscripserat,
923 4464 961 4525 ab
974 4465 1029 4525 illis
1042 4463 1213 4523 bernardini
1227 4462 1291 4521 libri
