<?xml version="1.0" encoding="UTF-8"?>
<!DOCTYPE html PUBLIC "-//W3C//DTD XHTML 1.0 Transitional//EN"
    "http://www.w3.org/TR/xhtml1/DTD/xhtml1-transitional.dtd">
<html xmlns="http://www.w3.org/1999/xhtml" xml:lang="en" lang="en">
 <head>
  <title>
</title>
<meta http-equiv="Content-Type" content="text/html;charset=utf-8" />
  <meta name='ocr-system' content='tesseract 3.04.00' />
  <meta name='ocr-capabilities' content='ocr_page ocr_carea ocr_par ocr_line ocrx_word'/>
</head>
<body>
  <div class='ocr_page' id='page_1' title='image "./demosthenisetsc00unkngoog_0021.png"; bbox 0 0 3050 4909; ppageno 0'>
   <div class='ocr_carea' id='block_1_1' title="bbox 629 298 1322 413">
    <p class='ocr_par' dir='ltr' id='par_1_1' title="bbox 629 298 1322 413">
     <span class='ocr_line' id='line_1_1' title="bbox 629 298 1322 413; baseline 0.004 -4"><span class='ocrx_word' id='word_1_1' title='bbox 629 298 902 411; x_wconf 70' lang='lat' dir='ltr'><strong>¹rentsturro.</strong></span> <span class='ocrx_word' id='word_1_2' title='bbox 1291 347 1322 413; x_wconf 63' lang='grc' dir='ltr'>ιι·</span> 
     </span>
    </p>
   </div>
   <div class='ocr_carea' id='block_1_2' title="bbox 215 492 1324 1332">
    <p class='ocr_par' dir='ltr' id='par_1_2' title="bbox 215 492 1324 1332">
     <span class='ocr_line' id='line_1_2' title="bbox 217 492 1322 587; baseline 0.007 -26"><span class='ocrx_word' id='word_1_3' title='bbox 217 506 264 569; x_wconf 75' lang='lat' dir='ltr'><strong>nis</strong></span> <span class='ocrx_word' id='word_1_4' title='bbox 284 504 364 570; x_wconf 79' lang='lat' dir='ltr'><strong>haud</strong></span> <span class='ocrx_word' id='word_1_5' title='bbox 385 502 522 583; x_wconf 78' lang='lat' dir='ltr'><strong>procedit</strong></span> <span class='ocrx_word' id='word_1_6' title='bbox 541 492 594 563; x_wconf 83' lang='lat' dir='ltr'><strong>ille</strong></span> <span class='ocrx_word' id='word_1_7' title='bbox 611 501 709 565; x_wconf 82' lang='lat' dir='ltr'><strong>iudex.</strong></span> <span class='ocrx_word' id='word_1_8' title='bbox 729 524 767 565; x_wconf 82' lang='lat' dir='ltr'><strong>er</strong></span> <span class='ocrx_word' id='word_1_9' title='bbox 788 505 921 584; x_wconf 85' lang='lat' dir='ltr'><strong>epistolis</strong></span> <span class='ocrx_word' id='word_1_10' title='bbox 935 504 1008 568; x_wconf 90' lang='lat' dir='ltr'><strong>nihil</strong></span> <span class='ocrx_word' id='word_1_11' title='bbox 1022 513 1113 580; x_wconf 90' lang='lat' dir='ltr'><strong>tenet,</strong></span> <span class='ocrx_word' id='word_1_12' title='bbox 1135 527 1203 587; x_wconf 82' lang='lat' dir='ltr'><strong>quse</strong></span> <span class='ocrx_word' id='word_1_13' title='bbox 1217 518 1322 587; x_wconf 87' lang='lat' dir='ltr'><strong>aperte</strong></span> 
     </span>
     <span class='ocr_line' id='line_1_3' title="bbox 217 596 1324 679; baseline 0.002 -19"><span class='ocrx_word' id='word_1_14' title='bbox 217 600 326 679; x_wconf 80' lang='lat' dir='ltr'><strong>spuriae</strong></span> <span class='ocrx_word' id='word_1_15' title='bbox 341 606 420 670; x_wconf 85' lang='lat' dir='ltr'><strong>sunt,</strong></span> <span class='ocrx_word' id='word_1_16' title='bbox 435 616 494 657; x_wconf 92' lang='lat' dir='ltr'><strong>uon</strong></span> <span class='ocrx_word' id='word_1_17' title='bbox 509 596 668 669; x_wconf 85' lang='lat' dir='ltr'><strong>AEscbiuis,</strong></span> <span class='ocrx_word' id='word_1_18' title='bbox 684 597 737 659; x_wconf 88' lang='lat' dir='ltr'><strong>sed</strong></span> <span class='ocrx_word' id='word_1_19' title='bbox 751 608 834 659; x_wconf 86' lang='lat' dir='ltr'><strong>certo</strong></span> <span class='ocrx_word' id='word_1_20' title='bbox 847 599 959 661; x_wconf 83' lang='lat' dir='ltr'><strong>certius</strong></span> <span class='ocrx_word' id='word_1_21' title='bbox 975 600 1102 662; x_wconf 85' lang='lat' dir='ltr'><strong>Lihauii.</strong></span> <span class='ocrx_word' id='word_1_22' title='bbox 1121 600 1270 662; x_wconf 76' lang='lat' dir='ltr'>addentur</span> <span class='ocrx_word' id='word_1_23' title='bbox 1282 601 1324 662; x_wconf 90' lang='lat' dir='ltr'><strong>illi</strong></span> 
     </span>
     <span class='ocr_line' id='line_1_4' title="bbox 216 689 1322 772; baseline 0.001 -19"><span class='ocrx_word' id='word_1_24' title='bbox 216 692 309 755; x_wconf 90' lang='lat' dir='ltr'><strong>indici</strong></span> <span class='ocrx_word' id='word_1_25' title='bbox 323 691 372 753; x_wconf 79' lang='lat' dir='ltr'><strong>ulii</strong></span> <span class='ocrx_word' id='word_1_26' title='bbox 386 690 510 761; x_wconf 85' lang='lat' dir='ltr'><strong>iudices,</strong></span> <span class='ocrx_word' id='word_1_27' title='bbox 520 689 665 762; x_wconf 74' lang='lat' dir='ltr'><strong>historici,</strong></span> <span class='ocrx_word' id='word_1_28' title='bbox 676 691 876 771; x_wconf 69' lang='lat' dir='ltr'><strong>geographici,</strong></span> <span class='ocrx_word' id='word_1_29' title='bbox 888 702 921 754; x_wconf 87' lang='lat' dir='ltr'><strong>et</strong></span> <span class='ocrx_word' id='word_1_30' title='bbox 930 694 1028 772; x_wconf 68' lang='lat' dir='ltr'><strong>bgum</strong></span> <span class='ocrx_word' id='word_1_31' title='bbox 1038 692 1078 755; x_wconf 89' lang='lat' dir='ltr'><strong>sb</strong></span> <span class='ocrx_word' id='word_1_32' title='bbox 1089 694 1230 755; x_wconf 83' lang='lat' dir='ltr'><strong>AEschine</strong></span> <span class='ocrx_word' id='word_1_33' title='bbox 1239 714 1322 755; x_wconf 91' lang='lat' dir='ltr'><strong>com·</strong></span> 
     </span>
     <span class='ocr_line' id='line_1_5' title="bbox 215 781 1322 863; baseline -0.001 -16"><span class='ocrx_word' id='word_1_34' title='bbox 215 794 453 849; x_wconf 76' lang='lat' dir='ltr'><strong>memoratarum.</strong></span> <span class='ocrx_word' id='word_1_35' title='bbox 469 784 501 857; x_wconf 75' lang='lat' dir='ltr'><strong>tl)</strong></span> <span class='ocrx_word' id='word_1_36' title='bbox 512 781 658 843; x_wconf 83' lang='lat' dir='ltr'><strong>AEschinis</strong></span> <span class='ocrx_word' id='word_1_37' title='bbox 668 782 772 846; x_wconf 82' lang='lat' dir='ltr'><strong>Latina</strong></span> <span class='ocrx_word' id='word_1_38' title='bbox 781 784 985 863; x_wconf 85' lang='lat' dir='ltr'><strong>interpretatio</strong></span> <span class='ocrx_word' id='word_1_39' title='bbox 995 784 1105 847; x_wconf 87' lang='lat' dir='ltr'><strong>Wolfii.</strong></span> <span class='ocrx_word' id='word_1_40' title='bbox 1125 792 1159 863; x_wconf 82' lang='lat'><strong>4)</strong></span> <span class='ocrx_word' id='word_1_41' title='bbox 1171 786 1234 848; x_wconf 86' lang='lat' dir='ltr'><strong>rita</strong></span> <span class='ocrx_word' id='word_1_42' title='bbox 1241 787 1322 848; x_wconf 81' lang='lat' dir='ltr'><strong>wot-</strong></span> 
     </span>
     <span class='ocr_line' id='line_1_6' title="bbox 217 876 1321 956; baseline -0.002 -17"><span class='ocrx_word' id='word_1_43' title='bbox 217 879 250 939; x_wconf 85' lang='lat' dir='ltr'><strong>nt</strong></span> <span class='ocrx_word' id='word_1_44' title='bbox 261 878 376 955; x_wconf 89' lang='lat' dir='ltr'><strong>shipso</strong></span> <span class='ocrx_word' id='word_1_45' title='bbox 386 878 508 956; x_wconf 88' lang='lat' dir='ltr'><strong>scripta.</strong></span> <span class='ocrx_word' id='word_1_46' title='bbox 530 879 563 951; x_wconf 85' lang='lat' dir='ltr'><strong>h)</strong></span> <span class='ocrx_word' id='word_1_47' title='bbox 577 876 717 937; x_wconf 78' lang='lat' dir='ltr'><strong>Matthaei</strong></span> <span class='ocrx_word' id='word_1_48' title='bbox 726 876 843 939; x_wconf 86' lang='lat' dir='ltr'><strong>tihellus</strong></span> <span class='ocrx_word' id='word_1_49' title='bbox 857 877 1045 940; x_wconf 68' lang='lat' dir='ltr'><strong>academicus</strong></span> <span class='ocrx_word' id='word_1_50' title='bbox 1055 880 1093 940; x_wconf 93' lang='lat' dir='ltr'><strong>de</strong></span> <span class='ocrx_word' id='word_1_51' title='bbox 1102 880 1243 942; x_wconf 83' lang='lat' dir='ltr'><strong>AEschiue</strong></span> <span class='ocrx_word' id='word_1_52' title='bbox 1253 901 1321 941; x_wconf 88' lang='lat' dir='ltr'><strong>ora.</strong></span> 
     </span>
     <span class='ocr_line' id='line_1_7' title="bbox 216 969 1323 1052; baseline 0.003 -19"><span class='ocrx_word' id='word_1_53' title='bbox 216 982 292 1052; x_wconf 84' lang='lat' dir='ltr'><strong>tore,</strong></span> <span class='ocrx_word' id='word_1_54' title='bbox 306 971 394 1049; x_wconf 76' lang='lat' dir='ltr'><strong>cnjus</strong></span> <span class='ocrx_word' id='word_1_55' title='bbox 408 969 588 1031; x_wconf 76' lang='lat' dir='ltr'><strong>mentionem</strong></span> <span class='ocrx_word' id='word_1_56' title='bbox 608 969 638 1033; x_wconf 89' lang='lat' dir='ltr'><strong>iu</strong></span> <span class='ocrx_word' id='word_1_57' title='bbox 656 970 746 1048; x_wconf 88' lang='lat' dir='ltr'><strong>hujus</strong></span> <span class='ocrx_word' id='word_1_58' title='bbox 762 970 947 1050; x_wconf 78' lang='lat' dir='ltr'><strong>prelationis</strong></span> <span class='ocrx_word' id='word_1_59' title='bbox 967 972 1033 1052; x_wconf 84' lang='lat' dir='ltr'><strong>ipso</strong></span> <span class='ocrx_word' id='word_1_60' title='bbox 1051 974 1151 1035; x_wconf 82' lang='lat' dir='ltr'><strong>limine</strong></span> <span class='ocrx_word' id='word_1_61' title='bbox 1164 973 1323 1037; x_wconf 82' lang='lat' dir='ltr'><strong>faciebam.</strong></span> 
     </span>
     <span class='ocr_line' id='line_1_8' title="bbox 215 1062 1322 1145; baseline 0 -18"><span class='ocrx_word' id='word_1_62' title='bbox 215 1065 250 1143; x_wconf 81' lang='grc'><strong>6)</strong></span> <span class='ocrx_word' id='word_1_63' title='bbox 271 1063 393 1144; x_wconf 75' lang='lat' dir='ltr'><strong>Tsylori</strong></span> <span class='ocrx_word' id='word_1_64' title='bbox 413 1062 452 1125; x_wconf 89' lang='lat' dir='ltr'><strong>ad</strong></span> <span class='ocrx_word' id='word_1_65' title='bbox 470 1062 701 1125; x_wconf 70' lang='lat' dir='ltr'>Demosthenem</span> <span class='ocrx_word' id='word_1_66' title='bbox 725 1073 756 1125; x_wconf 91' lang='lat' dir='ltr'><strong>et</strong></span> <span class='ocrx_word' id='word_1_67' title='bbox 776 1064 946 1125; x_wconf 84' lang='lat' dir='ltr'><strong>AEschinem</strong></span> <span class='ocrx_word' id='word_1_68' title='bbox 964 1066 1174 1144; x_wconf 84' lang='lat' dir='ltr'><strong>prolegomena</strong></span> <span class='ocrx_word' id='word_1_69' title='bbox 1195 1087 1231 1127; x_wconf 86' lang='lat' dir='ltr'><strong>ex</strong></span> <span class='ocrx_word' id='word_1_70' title='bbox 1254 1066 1322 1145; x_wconf 85' lang='lat' dir='ltr'><strong>ejus</strong></span> 
     </span>
     <span class='ocr_line' id='line_1_9' title="bbox 216 1154 1322 1238; baseline 0 -18"><span class='ocrx_word' id='word_1_71' title='bbox 216 1156 335 1237; x_wconf 78' lang='lat' dir='ltr'><strong>schedia</strong></span> <span class='ocrx_word' id='word_1_72' title='bbox 356 1154 520 1236; x_wconf 76' lang='lat' dir='ltr'><strong>prodenda</strong></span> <span class='ocrx_word' id='word_1_73' title='bbox 562 1155 752 1236; x_wconf 86' lang='lat' dir='ltr'><strong>Plegulerum</strong></span> <span class='ocrx_word' id='word_1_74' title='bbox 775 1158 801 1217; x_wconf 85' lang='lat' dir='ltr'><strong>si</strong></span> <span class='ocrx_word' id='word_1_75' title='bbox 822 1155 895 1235; x_wconf 86' lang='lat' dir='ltr'><strong>quid</strong></span> <span class='ocrx_word' id='word_1_76' title='bbox 918 1158 1073 1238; x_wconf 88' lang='lat' dir='ltr'><strong>supererit,</strong></span> <span class='ocrx_word' id='word_1_77' title='bbox 1096 1160 1129 1219; x_wconf 93' lang='lat' dir='ltr'><strong>id</strong></span> <span class='ocrx_word' id='word_1_78' title='bbox 1154 1160 1322 1221; x_wconf 86' lang='lat' dir='ltr'><strong>Dinarchus</strong></span> 
     </span>
     <span class='ocr_line' id='line_1_10' title="bbox 218 1246 1322 1332; baseline 0.001 -20"><span class='ocrx_word' id='word_1_79' title='bbox 218 1261 250 1312; x_wconf 93' lang='lat' dir='ltr'><strong>et</strong></span> <span class='ocrx_word' id='word_1_80' title='bbox 273 1252 426 1330; x_wconf 78' lang='lat' dir='ltr'><strong>Lycurgus</strong></span> <span class='ocrx_word' id='word_1_81' title='bbox 453 1246 626 1327; x_wconf 87' lang='lat' dir='ltr'><strong>implebunt.</strong></span> <span class='ocrx_word' id='word_1_82' title='bbox 668 1250 728 1311; x_wconf 87' lang='lat' dir='ltr'><strong>llic</strong></span> <span class='ocrx_word' id='word_1_83' title='bbox 749 1260 794 1309; x_wconf 90' lang='lat' dir='ltr'><strong>est</strong></span> <span class='ocrx_word' id='word_1_84' title='bbox 814 1259 997 1332; x_wconf 89' lang='lat' dir='ltr'><strong>conspectus</strong></span> <span class='ocrx_word' id='word_1_85' title='bbox 1015 1251 1140 1313; x_wconf 88' lang='lat' dir='ltr'><strong>secundi</strong></span> <span class='ocrx_word' id='word_1_86' title='bbox 1162 1251 1322 1314; x_wconf 79' lang='lat' dir='ltr'><strong>voluminis</strong></span> 
     </span>
    </p>
   </div>
   <div class='ocr_carea' id='block_1_3' title="bbox 216 1341 1410 1423">
    <p class='ocr_par' dir='ltr' id='par_1_3' title="bbox 216 1341 1410 1423">
     <span class='ocr_line' id='line_1_11' title="bbox 216 1341 1410 1423; baseline -0.003 -16"><span class='ocrx_word' id='word_1_87' title='bbox 216 1343 381 1407; x_wconf 79' lang='lat' dir='ltr'><strong>AEschinei.</strong></span> <span class='ocrx_word' id='word_1_88' title='bbox 401 1376 443 1391; x_wconf 88' lang='lat'><strong>··</strong></span> <span class='ocrx_word' id='word_1_89' title='bbox 463 1341 679 1405; x_wconf 68' lang='lat' dir='ltr'><strong>succurreres</strong></span> <span class='ocrx_word' id='word_1_90' title='bbox 700 1362 782 1403; x_wconf 85' lang='lat' dir='ltr'><strong>meas</strong></span> <span class='ocrx_word' id='word_1_91' title='bbox 798 1344 854 1423; x_wconf 82' lang='lat' dir='ltr'><strong>qui</strong></span> <span class='ocrx_word' id='word_1_92' title='bbox 876 1344 1015 1423; x_wconf 86' lang='lat' dir='ltr'><strong>judicare</strong></span> <span class='ocrx_word' id='word_1_93' title='bbox 1036 1345 1148 1417; x_wconf 86' lang='lat' dir='ltr'><strong>volent,</strong></span> <span class='ocrx_word' id='word_1_94' title='bbox 1169 1365 1220 1405; x_wconf 90' lang='lat' dir='ltr'><strong>ecs</strong></span> <span class='ocrx_word' id='word_1_95' title='bbox 1247 1364 1322 1423; x_wconf 89' lang='lat' dir='ltr'><strong>rogo</strong></span> <span class='ocrx_word' id='word_1_96' title='bbox 1404 1360 1410 1377; x_wconf 80' lang='lat'><strong><em>¹</em></strong></span> 
     </span>
    </p>
   </div>
   <div class='ocr_carea' id='block_1_4' title="bbox 215 1434 1380 3382">
    <p class='ocr_par' dir='ltr' id='par_1_4' title="bbox 215 1434 1380 3382">
     <span class='ocr_line' id='line_1_12' title="bbox 216 1434 1321 1515; baseline 0 -18"><span class='ocrx_word' id='word_1_97' title='bbox 216 1436 421 1515; x_wconf 72' lang='lat' dir='ltr'><strong>censorque,</strong></span> <span class='ocrx_word' id='word_1_98' title='bbox 435 1440 469 1495; x_wconf 93' lang='lat' dir='ltr'><strong>ut</strong></span> <span class='ocrx_word' id='word_1_99' title='bbox 490 1434 657 1497; x_wconf 70' lang='lat' dir='ltr'><strong>meminisse</strong></span> <span class='ocrx_word' id='word_1_100' title='bbox 677 1436 779 1507; x_wconf 81' lang='lat' dir='ltr'><strong>velint,</strong></span> <span class='ocrx_word' id='word_1_101' title='bbox 792 1455 852 1497; x_wconf 89' lang='lat' dir='ltr'><strong>non</strong></span> <span class='ocrx_word' id='word_1_102' title='bbox 866 1436 1006 1499; x_wconf 84' lang='lat' dir='ltr'><strong>diuurrna</strong></span> <span class='ocrx_word' id='word_1_103' title='bbox 1018 1436 1212 1498; x_wconf 77' lang='lat' dir='ltr'><strong>meditatione</strong></span> <span class='ocrx_word' id='word_1_104' title='bbox 1225 1448 1321 1497; x_wconf 88' lang='lat' dir='ltr'><strong>matu·</strong></span> 
     </span>
     <span class='ocr_line' id='line_1_13' title="bbox 217 1528 1321 1609; baseline -0.005 -15"><span class='ocrx_word' id='word_1_105' title='bbox 217 1537 307 1601; x_wconf 85' lang='lat' dir='ltr'><strong>ratas,</strong></span> <span class='ocrx_word' id='word_1_106' title='bbox 321 1547 491 1609; x_wconf 68' lang='lat' dir='ltr'><strong>neque‚uuo</strong></span> <span class='ocrx_word' id='word_1_107' title='bbox 505 1536 640 1607; x_wconf 87' lang='lat' dir='ltr'><strong>tempore</strong></span> <span class='ocrx_word' id='word_1_108' title='bbox 653 1528 848 1609; x_wconf 85' lang='lat' dir='ltr'><strong>conscriptas,</strong></span> <span class='ocrx_word' id='word_1_109' title='bbox 862 1530 917 1591; x_wconf 86' lang='lat' dir='ltr'><strong>sed</strong></span> <span class='ocrx_word' id='word_1_110' title='bbox 934 1530 1092 1609; x_wconf 62' lang='lat' dir='ltr'><strong>mersaque</strong></span> <span class='ocrx_word' id='word_1_111' title='bbox 1109 1538 1247 1591; x_wconf 86' lang='lat' dir='ltr'><strong>currente</strong></span> <span class='ocrx_word' id='word_1_112' title='bbox 1256 1530 1321 1609; x_wconf 85' lang='lat' dir='ltr'><strong>jem</strong></span> 
     </span>
     <span class='ocr_line' id='line_1_14' title="bbox 217 1622 1321 1703; baseline -0.003 -18"><span class='ocrx_word' id='word_1_113' title='bbox 217 1622 313 1702; x_wconf 83' lang='lat' dir='ltr'><strong>prelo,</strong></span> <span class='ocrx_word' id='word_1_114' title='bbox 333 1622 442 1683; x_wconf 82' lang='lat' dir='ltr'><strong>effusas</strong></span> <span class='ocrx_word' id='word_1_115' title='bbox 462 1639 537 1681; x_wconf 88' lang='lat' dir='ltr'><strong>esse.</strong></span> <span class='ocrx_word' id='word_1_116' title='bbox 579 1622 650 1691; x_wconf 83' lang='lat' dir='ltr'><strong>Quo</strong></span> <span class='ocrx_word' id='word_1_117' title='bbox 670 1622 784 1684; x_wconf 79' lang='lat' dir='ltr'><strong>iscurra</strong></span> <span class='ocrx_word' id='word_1_118' title='bbox 804 1633 861 1696; x_wconf 89' lang='lat' dir='ltr'><strong>est,</strong></span> <span class='ocrx_word' id='word_1_119' title='bbox 876 1624 955 1683; x_wconf 86' lang='lat' dir='ltr'><strong>inter</strong></span> <span class='ocrx_word' id='word_1_120' title='bbox 971 1623 1161 1703; x_wconf 82' lang='lat' dir='ltr'><strong>relegendum</strong></span> <span class='ocrx_word' id='word_1_121' title='bbox 1173 1623 1321 1683; x_wconf 77' lang='lat' dir='ltr'><strong>chenese</strong></span> 
     </span>
     <span class='ocr_line' id='line_1_15' title="bbox 217 1714 1321 1795; baseline -0.002 -18"><span class='ocrx_word' id='word_1_122' title='bbox 217 1717 302 1795; x_wconf 89' lang='lat' dir='ltr'><strong>prelo</strong></span> <span class='ocrx_word' id='word_1_123' title='bbox 315 1714 446 1777; x_wconf 85' lang='lat' dir='ltr'><strong>madidas</strong></span> <span class='ocrx_word' id='word_1_124' title='bbox 457 1714 521 1777; x_wconf 86' lang='lat' dir='ltr'><strong>aliis</strong></span> <span class='ocrx_word' id='word_1_125' title='bbox 535 1734 573 1777; x_wconf 82' lang='lat' dir='ltr'><strong>er</strong></span> <span class='ocrx_word' id='word_1_126' title='bbox 591 1715 656 1776; x_wconf 86' lang='lat' dir='ltr'><strong>aliis</strong></span> <span class='ocrx_word' id='word_1_127' title='bbox 672 1715 924 1788; x_wconf 83' lang='lat' dir='ltr'><strong>succurrentibus,</strong></span> <span class='ocrx_word' id='word_1_128' title='bbox 937 1716 990 1777; x_wconf 89' lang='lat' dir='ltr'><strong>nbi</strong></span> <span class='ocrx_word' id='word_1_129' title='bbox 1005 1718 1091 1778; x_wconf 89' lang='lat' dir='ltr'><strong>locus</strong></span> <span class='ocrx_word' id='word_1_130' title='bbox 1110 1736 1170 1777; x_wconf 90' lang='lat' dir='ltr'><strong>non</strong></span> <span class='ocrx_word' id='word_1_131' title='bbox 1189 1716 1321 1788; x_wconf 88' lang='lat' dir='ltr'><strong>daretur,</strong></span> 
     </span>
     <span class='ocr_line' id='line_1_16' title="bbox 217 1807 1380 1889; baseline -0.003 -18"><span class='ocrx_word' id='word_1_132' title='bbox 217 1818 270 1871; x_wconf 91' lang='lat' dir='ltr'><strong>aut</strong></span> <span class='ocrx_word' id='word_1_133' title='bbox 282 1808 460 1887; x_wconf 75' lang='lat' dir='ltr'><strong>posteriores</strong></span> <span class='ocrx_word' id='word_1_134' title='bbox 475 1827 562 1869; x_wconf 85' lang='lat' dir='ltr'><strong>curas</strong></span> <span class='ocrx_word' id='word_1_135' title='bbox 574 1807 715 1882; x_wconf 79' lang='lat' dir='ltr'><strong>addendi,</strong></span> <span class='ocrx_word' id='word_1_136' title='bbox 731 1808 835 1889; x_wconf 85' lang='lat' dir='ltr'><strong>spatiis</strong></span> <span class='ocrx_word' id='word_1_137' title='bbox 848 1808 912 1869; x_wconf 79' lang='lat' dir='ltr'><strong>folii</strong></span> <span class='ocrx_word' id='word_1_138' title='bbox 922 1808 1069 1889; x_wconf 81' lang='lat' dir='ltr'><strong>cujusque</strong></span> <span class='ocrx_word' id='word_1_139' title='bbox 1078 1810 1143 1887; x_wconf 90' lang='lat' dir='ltr'><strong>jam</strong></span> <span class='ocrx_word' id='word_1_140' title='bbox 1155 1809 1321 1889; x_wconf 85' lang='lat' dir='ltr'><strong>occupatis,</strong></span> <span class='ocrx_word' id='word_1_141' title='bbox 1372 1834 1380 1843; x_wconf 70' lang='lat'>=</span> 
     </span>
     <span class='ocr_line' id='line_1_17' title="bbox 216 1899 1322 1981; baseline -0.002 -17"><span class='ocrx_word' id='word_1_142' title='bbox 216 1912 270 1964; x_wconf 89' lang='lat' dir='ltr'><strong>aut</strong></span> <span class='ocrx_word' id='word_1_143' title='bbox 284 1921 352 1963; x_wconf 89' lang='lat' dir='ltr'><strong>cum</strong></span> <span class='ocrx_word' id='word_1_144' title='bbox 367 1899 517 1979; x_wconf 84' lang='lat' dir='ltr'><strong>prioribus</strong></span> <span class='ocrx_word' id='word_1_145' title='bbox 531 1901 673 1973; x_wconf 87' lang='lat' dir='ltr'><strong>mutendi,</strong></span> <span class='ocrx_word' id='word_1_146' title='bbox 686 1901 852 1981; x_wconf 82' lang='lat' dir='ltr'><strong>typothetis</strong></span> <span class='ocrx_word' id='word_1_147' title='bbox 863 1902 953 1962; x_wconf 89' lang='lat' dir='ltr'><strong>semel</strong></span> <span class='ocrx_word' id='word_1_148' title='bbox 966 1920 985 1963; x_wconf 86' lang='lat' dir='ltr'><strong>a</strong></span> <span class='ocrx_word' id='word_1_149' title='bbox 997 1922 1030 1961; x_wconf 89' lang='lat' dir='ltr'><strong>se</strong></span> <span class='ocrx_word' id='word_1_150' title='bbox 1039 1902 1202 1962; x_wconf 90' lang='lat' dir='ltr'><strong>constituta</strong></span> <span class='ocrx_word' id='word_1_151' title='bbox 1213 1900 1322 1962; x_wconf 88' lang='lat' dir='ltr'><strong>mutari</strong></span> 
     </span>
     <span class='ocr_line' id='line_1_18' title="bbox 215 1994 1320 2077; baseline -0.003 -20"><span class='ocrx_word' id='word_1_152' title='bbox 215 2017 295 2077; x_wconf 82' lang='lat' dir='ltr'><strong>segre</strong></span> <span class='ocrx_word' id='word_1_153' title='bbox 317 1994 489 2066; x_wconf 81' lang='lat' dir='ltr'><strong>serentibus,</strong></span> <span class='ocrx_word' id='word_1_154' title='bbox 504 2003 538 2054; x_wconf 88' lang='lat' dir='ltr'><strong>ut</strong></span> <span class='ocrx_word' id='word_1_155' title='bbox 558 1994 825 2057; x_wconf 81' lang='lat' dir='ltr'><strong>observetinncnlss</strong></span> <span class='ocrx_word' id='word_1_156' title='bbox 846 2014 928 2068; x_wconf 78' lang='lat' dir='ltr'><strong>mese,</strong></span> <span class='ocrx_word' id='word_1_157' title='bbox 942 1995 1010 2055; x_wconf 84' lang='lat' dir='ltr'><strong>alise</strong></span> <span class='ocrx_word' id='word_1_158' title='bbox 1031 2014 1087 2074; x_wconf 90' lang='lat' dir='ltr'><strong>per</strong></span> <span class='ocrx_word' id='word_1_159' title='bbox 1103 1996 1320 2074; x_wconf 83' lang='lat' dir='ltr'><strong>supplementa,</strong></span> 
     </span>
     <span class='ocr_line' id='line_1_19' title="bbox 216 2086 1323 2169; baseline -0.003 -19"><span class='ocrx_word' id='word_1_160' title='bbox 216 2090 282 2151; x_wconf 83' lang='lat' dir='ltr'><strong>alise</strong></span> <span class='ocrx_word' id='word_1_161' title='bbox 294 2108 349 2169; x_wconf 91' lang='lat' dir='ltr'><strong>per</strong></span> <span class='ocrx_word' id='word_1_162' title='bbox 361 2086 674 2160; x_wconf 31' lang='lat' dir='ltr'><strong>librumhvsriantium,</strong></span> <span class='ocrx_word' id='word_1_163' title='bbox 694 2088 762 2149; x_wconf 79' lang='lat' dir='ltr'><strong>alies</strong></span> <span class='ocrx_word' id='word_1_164' title='bbox 780 2108 835 2167; x_wconf 89' lang='lat' dir='ltr'><strong>per</strong></span> <span class='ocrx_word' id='word_1_165' title='bbox 854 2088 981 2149; x_wconf 89' lang='lat' dir='ltr'><strong>indicem</strong></span> <span class='ocrx_word' id='word_1_166' title='bbox 1004 2097 1219 2168; x_wconf 79' lang='lat' dir='ltr'><strong>spargerentur.</strong></span> <span class='ocrx_word' id='word_1_167' title='bbox 1260 2088 1323 2160; x_wconf 90' lang='lat' dir='ltr'><strong>Qui</strong></span> 
     </span>
     <span class='ocr_line' id='line_1_20' title="bbox 217 2180 1322 2261; baseline -0.004 -16"><span class='ocrx_word' id='word_1_168' title='bbox 217 2184 307 2245; x_wconf 87' lang='lat' dir='ltr'><strong>index</strong></span> <span class='ocrx_word' id='word_1_169' title='bbox 320 2200 390 2244; x_wconf 91' lang='lat' dir='ltr'><strong>cnm</strong></span> <span class='ocrx_word' id='word_1_170' title='bbox 404 2189 483 2243; x_wconf 88' lang='lat' dir='ltr'><strong>esset</strong></span> <span class='ocrx_word' id='word_1_171' title='bbox 498 2180 612 2242; x_wconf 91' lang='lat' dir='ltr'><strong>dudum</strong></span> <span class='ocrx_word' id='word_1_172' title='bbox 626 2190 695 2242; x_wconf 86' lang='lat' dir='ltr'><strong>ante</strong></span> <span class='ocrx_word' id='word_1_173' title='bbox 709 2181 875 2254; x_wconf 82' lang='lat' dir='ltr'><strong>confectus,</strong></span> <span class='ocrx_word' id='word_1_174' title='bbox 888 2200 978 2261; x_wconf 90' lang='lat' dir='ltr'><strong>quam</strong></span> <span class='ocrx_word' id='word_1_175' title='bbox 992 2181 1139 2242; x_wconf 83' lang='lat' dir='ltr'><strong>AEschiuis</strong></span> <span class='ocrx_word' id='word_1_176' title='bbox 1153 2181 1322 2242; x_wconf 80' lang='lat' dir='ltr'><strong>excedendi</strong></span> 
     </span>
     <span class='ocr_line' id='line_1_21' title="bbox 217 2274 1322 2353; baseline -0.003 -15"><span class='ocrx_word' id='word_1_177' title='bbox 217 2276 304 2338; x_wconf 87' lang='lat' dir='ltr'><strong>lieret</strong></span> <span class='ocrx_word' id='word_1_178' title='bbox 313 2276 440 2345; x_wconf 88' lang='lat' dir='ltr'><strong>initium,</strong></span> <span class='ocrx_word' id='word_1_179' title='bbox 452 2294 560 2335; x_wconf 76' lang='lat' dir='ltr'><strong>uereor</strong></span> <span class='ocrx_word' id='word_1_180' title='bbox 572 2294 609 2335; x_wconf 90' lang='lat' dir='ltr'><strong>ne</strong></span> <span class='ocrx_word' id='word_1_181' title='bbox 622 2274 734 2335; x_wconf 83' lang='lat' dir='ltr'><strong>iactum</strong></span> <span class='ocrx_word' id='word_1_182' title='bbox 749 2274 789 2335; x_wconf 89' lang='lat' dir='ltr'><strong>sit</strong></span> <span class='ocrx_word' id='word_1_183' title='bbox 801 2275 908 2353; x_wconf 88' lang='lat' dir='ltr'><strong>passim</strong></span> <span class='ocrx_word' id='word_1_184' title='bbox 922 2275 1067 2348; x_wconf 85' lang='lat' dir='ltr'><strong>locorum,</strong></span> <span class='ocrx_word' id='word_1_185' title='bbox 1081 2282 1116 2335; x_wconf 87' lang='lat' dir='ltr'><strong>ut</strong></span> <span class='ocrx_word' id='word_1_186' title='bbox 1127 2274 1193 2353; x_wconf 88' lang='lat' dir='ltr'><strong>ipse</strong></span> <span class='ocrx_word' id='word_1_187' title='bbox 1205 2294 1322 2335; x_wconf 89' lang='lat' dir='ltr'><strong>mecum</strong></span> 
     </span>
     <span class='ocr_line' id='line_1_22' title="bbox 217 2367 1322 2448; baseline -0.005 -15"><span class='ocrx_word' id='word_1_188' title='bbox 217 2370 390 2441; x_wconf 90' lang='lat' dir='ltr'><strong>dissideam,</strong></span> <span class='ocrx_word' id='word_1_189' title='bbox 404 2369 465 2430; x_wconf 87' lang='lat' dir='ltr'><strong>alis</strong></span> <span class='ocrx_word' id='word_1_190' title='bbox 479 2368 509 2430; x_wconf 91' lang='lat' dir='ltr'><strong>iu</strong></span> <span class='ocrx_word' id='word_1_191' title='bbox 524 2367 775 2438; x_wconf 84' lang='lat' dir='ltr'><strong>annotationibus,</strong></span> <span class='ocrx_word' id='word_1_192' title='bbox 789 2368 849 2427; x_wconf 86' lang='lat' dir='ltr'><strong>elia</strong></span> <span class='ocrx_word' id='word_1_193' title='bbox 861 2368 892 2427; x_wconf 91' lang='lat' dir='ltr'><strong>in</strong></span> <span class='ocrx_word' id='word_1_194' title='bbox 905 2368 1055 2429; x_wconf 89' lang='lat' dir='ltr'><strong>iudicibus</strong></span> <span class='ocrx_word' id='word_1_195' title='bbox 1069 2368 1197 2429; x_wconf 85' lang='lat' dir='ltr'><strong>tradens.</strong></span> <span class='ocrx_word' id='word_1_196' title='bbox 1238 2369 1322 2448; x_wconf 87' lang='lat' dir='ltr'><strong>Ops·</strong></span> 
     </span>
     <span class='ocr_line' id='line_1_23' title="bbox 219 2459 1322 2539; baseline -0.004 -16"><span class='ocrx_word' id='word_1_197' title='bbox 219 2463 259 2525; x_wconf 92' lang='lat' dir='ltr'><strong>ris</strong></span> <span class='ocrx_word' id='word_1_198' title='bbox 269 2461 533 2533; x_wconf 88' lang='lat' dir='ltr'><strong>tumultuarii,.non</strong></span> <span class='ocrx_word' id='word_1_199' title='bbox 547 2479 609 2520; x_wconf 93' lang='lat' dir='ltr'><strong>uuo</strong></span> <span class='ocrx_word' id='word_1_200' title='bbox 623 2459 708 2537; x_wconf 83' lang='lat' dir='ltr'><strong>qussi</strong></span> <span class='ocrx_word' id='word_1_201' title='bbox 725 2459 845 2539; x_wconf 89' lang='lat' dir='ltr'><strong>spiritus</strong></span> <span class='ocrx_word' id='word_1_202' title='bbox 864 2468 973 2531; x_wconf 89' lang='lat' dir='ltr'><strong>tractu,</strong></span> <span class='ocrx_word' id='word_1_203' title='bbox 987 2479 1047 2519; x_wconf 92' lang='lat' dir='ltr'><strong>uon</strong></span> <span class='ocrx_word' id='word_1_204' title='bbox 1066 2459 1104 2519; x_wconf 89' lang='lat' dir='ltr'><strong>ad</strong></span> <span class='ocrx_word' id='word_1_205' title='bbox 1124 2468 1219 2519; x_wconf 87' lang='lat' dir='ltr'><strong>certas</strong></span> <span class='ocrx_word' id='word_1_206' title='bbox 1232 2459 1322 2539; x_wconf 83' lang='lat' dir='ltr'><strong>leges,</strong></span> 
     </span>
     <span class='ocr_line' id='line_1_24' title="bbox 218 2552 1322 2633; baseline -0.003 -16"><span class='ocrx_word' id='word_1_207' title='bbox 218 2556 313 2617; x_wconf 79' lang='lat' dir='ltr'><strong>netto</strong></span> <span class='ocrx_word' id='word_1_208' title='bbox 325 2563 395 2615; x_wconf 90' lang='lat' dir='ltr'><strong>ante</strong></span> <span class='ocrx_word' id='word_1_209' title='bbox 408 2553 549 2633; x_wconf 72' lang='lat' dir='ltr'><strong>precisas</strong></span> <span class='ocrx_word' id='word_1_210' title='bbox 563 2561 653 2632; x_wconf 86' lang='lat' dir='ltr'><strong>atque</strong></span> <span class='ocrx_word' id='word_1_211' title='bbox 667 2552 843 2613; x_wconf 87' lang='lat' dir='ltr'><strong>constitutas</strong></span> <span class='ocrx_word' id='word_1_212' title='bbox 858 2552 1013 2625; x_wconf 88' lang='lat' dir='ltr'><strong>elaborati,</strong></span> <span class='ocrx_word' id='word_1_213' title='bbox 1027 2572 1126 2632; x_wconf 86' lang='lat' dir='ltr'><strong>neque</strong></span> <span class='ocrx_word' id='word_1_214' title='bbox 1139 2554 1322 2615; x_wconf 88' lang='lat' dir='ltr'><strong>retractatio·</strong></span> 
     </span>
     <span class='ocr_line' id='line_1_25' title="bbox 217 2643 1324 2727; baseline -0.002 -18"><span class='ocrx_word' id='word_1_215' title='bbox 217 2648 307 2709; x_wconf 85' lang='lat' dir='ltr'><strong>nibus</strong></span> <span class='ocrx_word' id='word_1_216' title='bbox 321 2666 400 2727; x_wconf 71' lang='lat' dir='ltr'><strong>saepe</strong></span> <span class='ocrx_word' id='word_1_217' title='bbox 413 2644 549 2725; x_wconf 88' lang='lat' dir='ltr'><strong>repetitis</strong></span> <span class='ocrx_word' id='word_1_218' title='bbox 562 2643 697 2724; x_wconf 84' lang='lat' dir='ltr'><strong>expoliti,</strong></span> <span class='ocrx_word' id='word_1_219' title='bbox 712 2644 764 2705; x_wconf 87' lang='lat' dir='ltr'><strong>sed</strong></span> <span class='ocrx_word' id='word_1_220' title='bbox 783 2662 800 2703; x_wconf 89' lang='lat' dir='ltr'><strong>a</strong></span> <span class='ocrx_word' id='word_1_221' title='bbox 819 2645 931 2707; x_wconf 87' lang='lat' dir='ltr'><strong>crebris</strong></span> <span class='ocrx_word' id='word_1_222' title='bbox 951 2645 1237 2725; x_wconf 77' lang='lat' dir='ltr'><strong>interpellationibus</strong></span> <span class='ocrx_word' id='word_1_223' title='bbox 1255 2666 1324 2707; x_wconf 88' lang='lat' dir='ltr'><strong>con·</strong></span> 
     </span>
     <span class='ocr_line' id='line_1_26' title="bbox 218 2736 1323 2819; baseline -0.003 -17"><span class='ocrx_word' id='word_1_224' title='bbox 218 2742 342 2816; x_wconf 85' lang='lat' dir='ltr'><strong>turbati,</strong></span> <span class='ocrx_word' id='word_1_225' title='bbox 365 2749 396 2801; x_wconf 91' lang='lat' dir='ltr'><strong>et</strong></span> <span class='ocrx_word' id='word_1_226' title='bbox 418 2738 505 2819; x_wconf 86' lang='lat' dir='ltr'><strong>quasi</strong></span> <span class='ocrx_word' id='word_1_227' title='bbox 528 2738 670 2799; x_wconf 84' lang='lat' dir='ltr'><strong>maculosi</strong></span> <span class='ocrx_word' id='word_1_228' title='bbox 690 2736 777 2817; x_wconf 79' lang='lat' dir='ltr'><strong>tacu,</strong></span> <span class='ocrx_word' id='word_1_229' title='bbox 799 2736 864 2798; x_wconf 88' lang='lat' dir='ltr'><strong>lieri</strong></span> <span class='ocrx_word' id='word_1_230' title='bbox 887 2740 1002 2818; x_wconf 88' lang='lat' dir='ltr'><strong>nequit,</strong></span> <span class='ocrx_word' id='word_1_231' title='bbox 1018 2748 1053 2799; x_wconf 90' lang='lat' dir='ltr'><strong>ut</strong></span> <span class='ocrx_word' id='word_1_232' title='bbox 1074 2748 1174 2818; x_wconf 88' lang='lat' dir='ltr'><strong>partes</strong></span> <span class='ocrx_word' id='word_1_233' title='bbox 1194 2740 1272 2800; x_wconf 89' lang='lat' dir='ltr'><strong>inter</strong></span> <span class='ocrx_word' id='word_1_234' title='bbox 1290 2758 1323 2800; x_wconf 91' lang='lat' dir='ltr'><strong>se</strong></span> 
     </span>
     <span class='ocr_line' id='line_1_27' title="bbox 218 2830 1324 2911; baseline -0.002 -16"><span class='ocrx_word' id='word_1_235' title='bbox 218 2852 320 2895; x_wconf 87' lang='lat' dir='ltr'><strong>omnes</strong></span> <span class='ocrx_word' id='word_1_236' title='bbox 338 2832 509 2893; x_wconf 89' lang='lat' dir='ltr'><strong>concinant.</strong></span> <span class='ocrx_word' id='word_1_237' title='bbox 550 2830 684 2910; x_wconf 80' lang='lat' dir='ltr'><strong>Singulis</strong></span> <span class='ocrx_word' id='word_1_238' title='bbox 704 2831 897 2892; x_wconf 89' lang='lat' dir='ltr'><strong>semestribus</strong></span> <span class='ocrx_word' id='word_1_239' title='bbox 914 2832 1070 2911; x_wconf 89' lang='lat' dir='ltr'><strong>prodenda</strong></span> <span class='ocrx_word' id='word_1_240' title='bbox 1091 2832 1163 2893; x_wconf 78' lang='grc' dir='ltr'>ιιιίιιί</span> <span class='ocrx_word' id='word_1_241' title='bbox 1181 2851 1248 2892; x_wconf 89' lang='lat' dir='ltr'><strong>eum</strong></span> <span class='ocrx_word' id='word_1_242' title='bbox 1263 2832 1324 2893; x_wconf 91' lang='lat' dir='ltr'><strong>sint</strong></span> 
     </span>
     <span class='ocr_line' id='line_1_28' title="bbox 218 2922 1323 3007; baseline 0.001 -21"><span class='ocrx_word' id='word_1_243' title='bbox 218 2924 493 3007; x_wconf 82' lang='lat' dir='ltr'><strong>singulasclnmins</strong></span> <span class='ocrx_word' id='word_1_244' title='bbox 511 2923 581 2985; x_wconf 90' lang='lat' dir='ltr'><strong>huic</strong></span> <span class='ocrx_word' id='word_1_245' title='bbox 601 2922 717 2997; x_wconf 84' lang='lat' dir='ltr'><strong>similia,</strong></span> <span class='ocrx_word' id='word_1_246' title='bbox 732 2924 837 3006; x_wconf 85' lang='lat' dir='ltr'><strong>ecquis</strong></span> <span class='ocrx_word' id='word_1_247' title='bbox 853 2943 915 2984; x_wconf 91' lang='lat' dir='ltr'><strong>nou</strong></span> <span class='ocrx_word' id='word_1_248' title='bbox 932 2924 1079 3003; x_wconf 87' lang='lat' dir='ltr'><strong>intelligit,</strong></span> <span class='ocrx_word' id='word_1_249' title='bbox 1101 2944 1149 2985; x_wconf 87' lang='lat' dir='ltr'><strong>mc</strong></span> <span class='ocrx_word' id='word_1_250' title='bbox 1162 2944 1180 2984; x_wconf 95' lang='lat' dir='ltr'><strong>a</strong></span> <span class='ocrx_word' id='word_1_251' title='bbox 1193 2935 1323 2987; x_wconf 88' lang='lat' dir='ltr'><strong>torrente</strong></span> 
     </span>
     <span class='ocr_line' id='line_1_29' title="bbox 218 3018 1323 3101; baseline -0.002 -19"><span class='ocrx_word' id='word_1_252' title='bbox 218 3018 445 3101; x_wconf 72' lang='lat' dir='ltr'><strong>quasi-aufferri,</strong></span> <span class='ocrx_word' id='word_1_253' title='bbox 463 3028 516 3079; x_wconf 86' lang='lat' dir='ltr'><strong>eut</strong></span> <span class='ocrx_word' id='word_1_254' title='bbox 529 3028 669 3099; x_wconf 85' lang='lat' dir='ltr'><strong>tanquam</strong></span> <span class='ocrx_word' id='word_1_255' title='bbox 684 3038 704 3078; x_wconf 87' lang='lat' dir='ltr'><strong>s</strong></span> <span class='ocrx_word' id='word_1_256' title='bbox 717 3018 853 3079; x_wconf 88' lang='lat' dir='ltr'><strong>machina</strong></span> <span class='ocrx_word' id='word_1_257' title='bbox 865 3019 1171 3097; x_wconf 51' lang='lat' dir='ltr'><strong>quadamsinsiacihili</strong></span> <span class='ocrx_word' id='word_1_258' title='bbox 1182 3020 1240 3099; x_wconf 89' lang='lat' dir='ltr'><strong>agi,</strong></span> <span class='ocrx_word' id='word_1_259' title='bbox 1253 3040 1323 3100; x_wconf 72' lang='lat' dir='ltr'><strong>quae</strong></span> 
     </span>
     <span class='ocr_line' id='line_1_30' title="bbox 217 3112 1323 3193; baseline -0.002 -18"><span class='ocrx_word' id='word_1_260' title='bbox 217 3134 267 3175; x_wconf 75' lang='lat' dir='ltr'><strong>me</strong></span> <span class='ocrx_word' id='word_1_261' title='bbox 279 3132 338 3175; x_wconf 91' lang='lat' dir='ltr'><strong>nou</strong></span> <span class='ocrx_word' id='word_1_262' title='bbox 349 3113 478 3193; x_wconf 69' lang='lat' dir='ltr'><strong>patiente</strong></span> <span class='ocrx_word' id='word_1_263' title='bbox 487 3113 658 3185; x_wconf 81' lang='lat' dir='ltr'><strong>consistere,</strong></span> <span class='ocrx_word' id='word_1_264' title='bbox 673 3120 886 3192; x_wconf 73' lang='lat' dir='ltr'><strong>autmspenso</strong></span> <span class='ocrx_word' id='word_1_265' title='bbox 895 3113 976 3191; x_wconf 86' lang='lat' dir='ltr'><strong>pede</strong></span> <span class='ocrx_word' id='word_1_266' title='bbox 988 3112 1159 3192; x_wconf 90' lang='lat' dir='ltr'><strong>procedere.</strong></span> <span class='ocrx_word' id='word_1_267' title='bbox 1200 3114 1323 3173; x_wconf 90' lang='lat' dir='ltr'><strong>luterim</strong></span> 
     </span>
     <span class='ocr_line' id='line_1_31' title="bbox 219 3205 1323 3287; baseline -0.001 -19"><span class='ocrx_word' id='word_1_268' title='bbox 219 3216 286 3269; x_wconf 88' lang='lat' dir='ltr'><strong>esto</strong></span> <span class='ocrx_word' id='word_1_269' title='bbox 298 3207 365 3269; x_wconf 77' lang='lat' dir='ltr'><strong>uec</strong></span> <span class='ocrx_word' id='word_1_270' title='bbox 377 3224 470 3287; x_wconf 77' lang='lat' dir='ltr'><strong>open</strong></span> <span class='ocrx_word' id='word_1_271' title='bbox 483 3205 617 3269; x_wconf 78' lang='lat' dir='ltr'><strong>AEschini</strong></span> <span class='ocrx_word' id='word_1_272' title='bbox 629 3226 649 3267; x_wconf 89' lang='lat' dir='ltr'><strong>a</strong></span> <span class='ocrx_word' id='word_1_273' title='bbox 664 3225 712 3268; x_wconf 91' lang='lat' dir='ltr'><strong>me</strong></span> <span class='ocrx_word' id='word_1_274' title='bbox 729 3213 835 3269; x_wconf 83' lang='lat' dir='ltr'><strong>narsts</strong></span> <span class='ocrx_word' id='word_1_275' title='bbox 846 3206 997 3287; x_wconf 83' lang='lat' dir='ltr'><strong>specimen</strong></span> <span class='ocrx_word' id='word_1_276' title='bbox 1014 3205 1090 3284; x_wconf 84' lang='lat' dir='ltr'><strong>ejus,</strong></span> <span class='ocrx_word' id='word_1_277' title='bbox 1109 3224 1198 3285; x_wconf 82' lang='lat' dir='ltr'><strong>quesn</strong></span> <span class='ocrx_word' id='word_1_278' title='bbox 1217 3208 1323 3267; x_wconf 77' lang='lat' dir='ltr'><strong>Demo</strong></span> 
     </span>
     <span class='ocr_line' id='line_1_32' title="bbox 219 3297 698 3382; baseline -0.006 -18"><span class='ocrx_word' id='word_1_279' title='bbox 219 3300 318 3364; x_wconf 85' lang='lat' dir='ltr'><strong>stheni</strong></span> <span class='ocrx_word' id='word_1_280' title='bbox 331 3300 423 3382; x_wconf 88' lang='lat' dir='ltr'><strong>paulo</strong></span> <span class='ocrx_word' id='word_1_281' title='bbox 435 3308 506 3380; x_wconf 88' lang='lat' dir='ltr'><strong>post</strong></span> <span class='ocrx_word' id='word_1_282' title='bbox 518 3297 698 3380; x_wconf 88' lang='lat' dir='ltr'><strong>impendam.</strong></span> 
     </span>
    </p>
   </div>
   <div class='ocr_carea' id='block_1_5' title="bbox 677 3570 876 3639">
    <p class='ocr_par' dir='ltr' id='par_1_5' title="bbox 677 3570 876 3639">
     <span class='ocr_line' id='line_1_33' title="bbox 677 3570 876 3639; baseline -0.01 0"><span class='ocrx_word' id='word_1_283' title='bbox 677 3572 808 3639; x_wconf 80' lang='lat' dir='ltr'><strong>SEGT.</strong></span> <span class='ocrx_word' id='word_1_284' title='bbox 831 3570 876 3637; x_wconf 91' lang='lat' dir='ltr'><strong>V.</strong></span> 
     </span>
    </p>
   </div>
   <div class='ocr_carea' id='block_1_6' title="bbox 351 3689 1201 3802">
    <p class='ocr_par' dir='ltr' id='par_1_6' title="bbox 351 3689 1201 3802">
     <span class='ocr_line' id='line_1_34' title="bbox 351 3689 1201 3802; baseline -0.002 -17"><span class='ocrx_word' id='word_1_285' title='bbox 351 3722 401 3785; x_wconf 85' lang='lat' dir='ltr'><strong>De</strong></span> <span class='ocrx_word' id='word_1_286' title='bbox 416 3722 533 3783; x_wconf 74' lang='lat' dir='ltr'><strong>ratione</strong></span> <span class='ocrx_word' id='word_1_287' title='bbox 547 3720 726 3782; x_wconf 82' lang='lat' dir='ltr'><strong>uoluminum</strong></span> <span class='ocrx_word' id='word_1_288' title='bbox 739 3722 830 3802; x_wconf 75' lang='lat' dir='ltr'><strong>liujus</strong></span> <span class='ocrx_word' id='word_1_289' title='bbox 842 3724 941 3802; x_wconf 85' lang='lat' dir='ltr'><strong>operis</strong></span> <span class='ocrx_word' id='word_1_290' title='bbox 954 3689 1201 3783; x_wconf 63' lang='lat' dir='ltr'><strong>incestaret-ses.</strong></span> 
     </span>
    </p>
   </div>
   <div class='ocr_carea' id='block_1_7' title="bbox 218 3821 1326 4495">
    <p class='ocr_par' dir='ltr' id='par_1_7' title="bbox 218 3821 1326 4329">
     <span class='ocr_line' id='line_1_35' title="bbox 220 3821 1323 3935; baseline 0.001 -20"><span class='ocrx_word' id='word_1_291' title='bbox 220 3821 230 3845; x_wconf 26' lang='grc' dir='ltr'><strong><em>κ</em></strong></span> <span class='ocrx_word' id='word_1_292' title='bbox 259 3854 396 3915; x_wconf 82' lang='lat' dir='ltr'><strong>Proxime</strong></span> <span class='ocrx_word' id='word_1_293' title='bbox 410 3852 574 3923; x_wconf 87' lang='lat' dir='ltr'><strong>secundum</strong></span> <span class='ocrx_word' id='word_1_294' title='bbox 583 3852 752 3914; x_wconf 83' lang='lat' dir='ltr'><strong>AEschiuem</strong></span> <span class='ocrx_word' id='word_1_295' title='bbox 766 3851 847 3913; x_wconf 88' lang='lat' dir='ltr'><strong>daho</strong></span> <span class='ocrx_word' id='word_1_296' title='bbox 862 3853 980 3932; x_wconf 76' lang='lat' dir='ltr'><strong>Lysiam</strong></span> <span class='ocrx_word' id='word_1_297' title='bbox 990 3853 1198 3933; x_wconf 76' lang='lat' dir='ltr'><strong>Taylomuum.</strong></span> <span class='ocrx_word' id='word_1_298' title='bbox 1214 3853 1244 3914; x_wconf 90' lang='lat' dir='ltr'><strong>iu</strong></span> <span class='ocrx_word' id='word_1_299' title='bbox 1260 3874 1323 3935; x_wconf 82' lang='lat' dir='ltr'><strong>quo</strong></span> 
     </span>
     <span class='ocr_line' id='line_1_36' title="bbox 218 3945 1324 4028; baseline 0.003 -20"><span class='ocrx_word' id='word_1_300' title='bbox 218 3946 451 4028; x_wconf 79' lang='lat' dir='ltr'><strong>repraesentabo,</strong></span> <span class='ocrx_word' id='word_1_301' title='bbox 462 3965 530 4025; x_wconf 82' lang='lat' dir='ltr'><strong>quse</strong></span> <span class='ocrx_word' id='word_1_302' title='bbox 538 3946 650 4026; x_wconf 80' lang='lat' dir='ltr'><strong>Taylur</strong></span> <span class='ocrx_word' id='word_1_303' title='bbox 660 3946 690 4007; x_wconf 92' lang='lat' dir='ltr'><strong>in</strong></span> <span class='ocrx_word' id='word_1_304' title='bbox 699 3946 831 4007; x_wconf 86' lang='lat' dir='ltr'><strong>editione</strong></span> <span class='ocrx_word' id='word_1_305' title='bbox 841 3945 950 4024; x_wconf 85' lang='lat' dir='ltr'><strong>majori</strong></span> <span class='ocrx_word' id='word_1_306' title='bbox 957 3946 1052 4020; x_wconf 88' lang='lat' dir='ltr'><strong>dedit,</strong></span> <span class='ocrx_word' id='word_1_307' title='bbox 1061 3948 1171 4009; x_wconf 85' lang='lat' dir='ltr'><strong>omnia.</strong></span> <span class='ocrx_word' id='word_1_308' title='bbox 1180 3948 1324 4011; x_wconf 89' lang='lat' dir='ltr'><strong>lectiones</strong></span> 
     </span>
     <span class='ocr_line' id='line_1_37' title="bbox 219 4040 1325 4123; baseline -0.002 -18"><span class='ocrx_word' id='word_1_309' title='bbox 219 4040 392 4105; x_wconf 80' lang='lat' dir='ltr'><strong>Marklandi</strong></span> <span class='ocrx_word' id='word_1_310' title='bbox 406 4060 466 4101; x_wconf 90' lang='lat' dir='ltr'><strong>nou</strong></span> <span class='ocrx_word' id='word_1_311' title='bbox 479 4042 518 4101; x_wconf 90' lang='lat' dir='ltr'><strong>ad</strong></span> <span class='ocrx_word' id='word_1_312' title='bbox 532 4040 644 4101; x_wconf 89' lang='lat' dir='ltr'><strong>calcem</strong></span> <span class='ocrx_word' id='word_1_313' title='bbox 664 4040 809 4120; x_wconf 87' lang='lat' dir='ltr'><strong>rejiciam,</strong></span> <span class='ocrx_word' id='word_1_314' title='bbox 823 4050 859 4101; x_wconf 91' lang='lat' dir='ltr'><strong>ut</strong></span> <span class='ocrx_word' id='word_1_315' title='bbox 871 4041 983 4121; x_wconf 82' lang='lat' dir='ltr'><strong>Taylor</strong></span> <span class='ocrx_word' id='word_1_316' title='bbox 999 4040 1083 4114; x_wconf 77' lang='lat' dir='ltr'><strong>iecit,</strong></span> <span class='ocrx_word' id='word_1_317' title='bbox 1106 4040 1159 4102; x_wconf 88' lang='lat' dir='ltr'><strong>sed</strong></span> <span class='ocrx_word' id='word_1_318' title='bbox 1180 4043 1238 4103; x_wconf 90' lang='lat' dir='ltr'><strong>sub</strong></span> <span class='ocrx_word' id='word_1_319' title='bbox 1258 4042 1325 4123; x_wconf 90' lang='lat' dir='ltr'><strong>ipso</strong></span> 
     </span>
     <span class='ocr_line' id='line_1_38' title="bbox 219 4128 1326 4215; baseline 0 -18"><span class='ocrx_word' id='word_1_320' title='bbox 219 4144 304 4197; x_wconf 82' lang='lat' dir='ltr'><strong>tento</strong></span> <span class='ocrx_word' id='word_1_321' title='bbox 318 4134 432 4205; x_wconf 88' lang='lat' dir='ltr'><strong>statim,</strong></span> <span class='ocrx_word' id='word_1_322' title='bbox 447 4152 533 4195; x_wconf 86' lang='lat' dir='ltr'><strong>uuam</strong></span> <span class='ocrx_word' id='word_1_323' title='bbox 548 4152 696 4213; x_wconf 84' lang='lat' dir='ltr'><strong>quamque</strong></span> <span class='ocrx_word' id='word_1_324' title='bbox 708 4153 762 4194; x_wconf 90' lang='lat' dir='ltr'><strong>suc</strong></span> <span class='ocrx_word' id='word_1_325' title='bbox 776 4128 855 4205; x_wconf 83' lang='lat' dir='ltr'><strong>loco,</strong></span> <span class='ocrx_word' id='word_1_326' title='bbox 868 4134 1026 4195; x_wconf 84' lang='lat' dir='ltr'><strong>exhibebo.</strong></span> <span class='ocrx_word' id='word_1_327' title='bbox 1069 4135 1148 4194; x_wconf 77' lang='lat' dir='ltr'><strong>Mese</strong></span> <span class='ocrx_word' id='word_1_328' title='bbox 1160 4136 1326 4215; x_wconf 84' lang='lat' dir='ltr'><strong>prodibunt</strong></span> 
     </span>
     <span class='ocr_line' id='line_1_39' title="bbox 219 4226 1316 4329; baseline 0.001 -39"><span class='ocrx_word' id='word_1_329' title='bbox 219 4248 342 4329; x_wconf 84' lang='lat' dir='ltr'><strong>prorsus</strong></span> <span class='ocrx_word' id='word_1_330' title='bbox 355 4247 452 4300; x_wconf 76' lang='lat' dir='ltr'><strong>nores,</strong></span> <span class='ocrx_word' id='word_1_331' title='bbox 468 4236 607 4307; x_wconf 65' lang='lat' dir='ltr'><strong>recepte,</strong></span> <span class='ocrx_word' id='word_1_332' title='bbox 623 4236 654 4287; x_wconf 90' lang='lat' dir='ltr'><strong>et</strong></span> <span class='ocrx_word' id='word_1_333' title='bbox 667 4226 723 4287; x_wconf 90' lang='lat' dir='ltr'><strong>illis</strong></span> <span class='ocrx_word' id='word_1_334' title='bbox 738 4230 860 4289; x_wconf 79' lang='lat' dir='ltr'><strong>vetustis</strong></span> <span class='ocrx_word' id='word_1_335' title='bbox 873 4228 987 4290; x_wconf 90' lang='lat' dir='ltr'><strong>dudum</strong></span> <span class='ocrx_word' id='word_1_336' title='bbox 1000 4227 1090 4289; x_wconf 88' lang='lat' dir='ltr'><strong>editis</strong></span> <span class='ocrx_word' id='word_1_337' title='bbox 1103 4228 1316 4291; x_wconf 77' lang='lat' dir='ltr'><strong>dissimillimas.</strong></span> 
     </span>
    </p>

    <p class='ocr_par' dir='ltr' id='par_1_8' title="bbox 218 4319 1326 4495">
     <span class='ocr_line' id='line_1_40' title="bbox 259 4319 1325 4402; baseline 0 -21"><span class='ocrx_word' id='word_1_338' title='bbox 259 4324 287 4381; x_wconf 83' lang='lat' dir='ltr'>A</span> <span class='ocrx_word' id='word_1_339' title='bbox 304 4320 393 4401; x_wconf 81' lang='lat' dir='ltr'><strong>Lysis</strong></span> <span class='ocrx_word' id='word_1_340' title='bbox 405 4320 445 4381; x_wconf 84' lang='lat' dir='ltr'><strong>ed</strong></span> <span class='ocrx_word' id='word_1_341' title='bbox 455 4319 586 4399; x_wconf 88' lang='lat' dir='ltr'><strong>reliquos</strong></span> <span class='ocrx_word' id='word_1_342' title='bbox 600 4328 731 4383; x_wconf 89' lang='lat' dir='ltr'><strong>oratores</strong></span> <span class='ocrx_word' id='word_1_343' title='bbox 740 4321 870 4382; x_wconf 88' lang='lat' dir='ltr'><strong>minores</strong></span> <span class='ocrx_word' id='word_1_344' title='bbox 883 4322 1055 4402; x_wconf 84' lang='lat' dir='ltr'><strong>procedam,</strong></span> <span class='ocrx_word' id='word_1_345' title='bbox 1071 4321 1109 4382; x_wconf 90' lang='lat' dir='ltr'><strong>de</strong></span> <span class='ocrx_word' id='word_1_346' title='bbox 1124 4323 1233 4402; x_wconf 86' lang='lat' dir='ltr'><strong>quihus</strong></span> <span class='ocrx_word' id='word_1_347' title='bbox 1256 4342 1325 4401; x_wconf 81' lang='lat' dir='ltr'><strong>quse</strong></span> 
     </span>
     <span class='ocr_line' id='line_1_41' title="bbox 218 4412 1326 4495; baseline -0.002 -20"><span class='ocrx_word' id='word_1_348' title='bbox 218 4414 317 4475; x_wconf 87' lang='lat' dir='ltr'><strong>habeo</strong></span> <span class='ocrx_word' id='word_1_349' title='bbox 335 4412 475 4485; x_wconf 86' lang='lat' dir='ltr'><strong>dicenda,</strong></span> <span class='ocrx_word' id='word_1_350' title='bbox 495 4433 530 4473; x_wconf 87' lang='lat' dir='ltr'><strong>ea</strong></span> <span class='ocrx_word' id='word_1_351' title='bbox 544 4413 742 4493; x_wconf 85' lang='lat' dir='ltr'><strong>peculiaribus</strong></span> <span class='ocrx_word' id='word_1_352' title='bbox 754 4413 982 4495; x_wconf 66' lang='lat' dir='ltr'><strong>prefationibus</strong></span> <span class='ocrx_word' id='word_1_353' title='bbox 1000 4434 1056 4476; x_wconf 88' lang='lat' dir='ltr'><strong>auc</strong></span> <span class='ocrx_word' id='word_1_354' title='bbox 1072 4422 1206 4495; x_wconf 85' lang='lat' dir='ltr'><strong>tempore</strong></span> <span class='ocrx_word' id='word_1_355' title='bbox 1219 4414 1326 4475; x_wconf 87' lang='lat' dir='ltr'><strong>dandis</strong></span> 
     </span>
    </p>
   </div>
   <div class='ocr_carea' id='block_1_8' title="bbox 218 4506 1435 4613">
    <p class='ocr_par' dir='ltr' id='par_1_9' title="bbox 218 4506 1435 4613">
     <span class='ocr_line' id='line_1_42' title="bbox 218 4506 1435 4613; baseline -0.001 -44"><span class='ocrx_word' id='word_1_356' title='bbox 218 4525 348 4571; x_wconf 74' lang='lat' dir='ltr'><strong>merso.</strong></span> <span class='ocrx_word' id='word_1_357' title='bbox 390 4508 471 4569; x_wconf 86' lang='lat' dir='ltr'><strong>Beue</strong></span> <span class='ocrx_word' id='word_1_358' title='bbox 496 4506 522 4567; x_wconf 91' lang='lat' dir='ltr'><strong>si</strong></span> <span class='ocrx_word' id='word_1_359' title='bbox 544 4508 729 4584; x_wconf 84' lang='lat' dir='ltr'><strong>successerit,</strong></span> <span class='ocrx_word' id='word_1_360' title='bbox 751 4508 912 4589; x_wconf 77' lang='lat' dir='ltr'><strong>adjungunt</strong></span> <span class='ocrx_word' id='word_1_361' title='bbox 933 4508 992 4569; x_wconf 87' lang='lat' dir='ltr'><strong>illis</strong></span> <span class='ocrx_word' id='word_1_362' title='bbox 1008 4508 1155 4613; x_wconf 77' lang='lat' dir='ltr'><strong>singulare</strong></span> <span class='ocrx_word' id='word_1_363' title='bbox 1178 4508 1324 4581; x_wconf 84' lang='lat' dir='ltr'><strong>volumen,</strong></span> <span class='ocrx_word' id='word_1_364' title='bbox 1431 4557 1435 4568; x_wconf 90' lang='lat'><strong>.</strong></span> 
     </span>
    </p>
   </div>
   <div class='ocr_carea' id='block_1_9' title="bbox 0 0 1532 4909">
    <p class='ocr_par' dir='ltr' id='par_1_10' title="bbox 0 0 1532 4909">
     <span class='ocr_line' id='line_1_43' title="bbox 0 0 1532 4909; baseline 0 0"><span class='ocrx_word' id='word_1_365' title='bbox 0 0 1532 4909; x_wconf 95' lang='lat' dir='ltr'><strong> </strong></span> 
     </span>
    </p>
   </div>
  </div>
 </body>
</html>
