3050 4909
277 303 341 367 402
446 351 448 356 .
515 292 758 371 PRAEFATIO
784 294 847 359 AD
870 285 1129 357 VARlAN'l'ES
1196 300 1200 305 '

268 452 316 524 ‘sd
336 461 424 524 finem
442 461 485 520 ὅτι
506 441 639 531 ἠδυνήθη.
681 460 758 517 Ante
773 464 848 515 orat.
869 456 897 515 io
920 448 1189 515 Timerehum'vits
1210 441 1371 519 AEjsclsinin

278 558 366 636 cujus
384 555 447 615 init.
466 556 609 633 Αἰσχίνης
627 550 662 623 ἦν
679 554 763 628 ἀνήρ.
804 550 874 609 Scil.
888 560 934 609 est
952 546 1064 607 Libsnii
1083 552 1287 623 argumentum
1304 554 1372 596 cra·

278 652 368 710 tionis
382 647 539 707 Demostb.
551 670 582 704 π.
592 667 718 725 ecpcep.
748 642 832 702 Prior
844 661 911 720 pars
922 650 1038 701 constet
1051 639 1154 699 decem
1169 628 1371 712 quaternioni·

279 747 343 816 bus,
354 742 497 822 posterior
509 760 625 811 novem,
637 740 734 818 quide
746 738 861 813 integro
875 745 1073 796 numerantur.
1095 734 1211 793 Cetera
1223 724 1373 787 recentior

277 837 435 917 potiorque
449 854 516 915 pars
531 838 636 895 eodem
654 832 765 892 soeculo
778 840 895 891 exerete
910 828 1048 905 ridetur]
1082 828 1232 887 Hactenus
1248 818 1371 899 Tsylor.

279 930 335 989 His
354 930 383 988 in
397 928 549 989 codicibus
567 925 688 1005 Taylori
706 932 827 1003 praestct
839 924 961 982 ueritate
977 920 1151 983 Lectionum
1170 914 1372 986 Lockersnus,

278 1024 329 1083 sed
345 1023 370 1081 is
385 1020 462 1081 bsod
475 1020 598 1099 integer,
616 1018 750 1077 desinens
764 1016 843 1075 circs
859 1015 945 1075 finem
958 1014 1096 1074 orstioois
1111 1011 1214 1091 primae
1233 1010 1261 1068 in
1278 1006 1372 1065 verbo

278 1118 397 1198 φυγόντι
412 1132 480 1193 psg.
494 1118 545 1183 71,
560 1117 609 1170 10.
633 1109 816 1188 llsrleyanus
836 1108 906 1167 item
921 1106 1051 1185 egregius
1065 1114 1121 1176 est,
1140 1104 1190 1163 sed
1204 1102 1272 1161 huic
1286 1100 1373 1159 deest

278 1209 372 1271 cretio
386 1209 488 1286 prims.
530 1204 701 1264 Bernsrdiui
715 1222 803 1281 penes
817 1222 864 1261 nse
879 1203 1000 1281 quidem
1015 1219 1120 1278 magns
1135 1218 1192 1257 non
1207 1206 1253 1257 eat
1266 1206 1371 1257 sucto-

278 1303 359 1373 ritas,
381 1320 438 1359 non
457 1297 581 1358 mssisns
606 1296 764 1355 Mendisni.
806 1296 926 1355 Oblitus
948 1314 1013 1355 sum
1034 1294 1122 1374 paulo
1140 1302 1208 1353 ente
1233 1290 1371 1351 codicum

279 1393 474 1455 Parisioorum
486 1390 661 1449 mentionem
671 1388 780 1459 fecere,
792 1388 963 1449 coisliniani
976 1389 1074 1458 unius,
1086 1396 1116 1446 et
1130 1394 1258 1463 quatuor
1267 1380 1375 1459 Regio-

279 1506 353 1557 rum,
368 1502 493 1561 qnorum
509 1482 664 1541 Lectiones
678 1501 736 1541 non
750 1481 886 1541 videntur
906 1480 1125 1560 diligentissime
1146 1497 1210 1537 esse
1230 1485 1374 1545 enotstae,

278 1577 412 1656 quisquis
425 1573 565 1633 enotavit.
606 1572 743 1633 Pervenit
757 1573 795 1633 od
811 1594 856 1633 me
870 1574 900 1632 io
915 1573 1031 1633 schedis
1047 1570 1220 1650 Tsylosanis
1234 1568 1373 1628 volumen

279 1687 398 1749 quoque
410 1668 600 1745 epistolsrunr
615 1666 776 1737 AEsclrinis,
789 1676 876 1745 prout
890 1686 908 1727 s
921 1666 1051 1746 Tsyloro
1066 1673 1133 1725 sunt
1147 1664 1247 1733 editae,
1261 1662 1374 1723 chartis

279 1763 348 1821 item
356 1758 651 1836 distinctum,quibus
661 1759 773 1822 chartis
781 1754 1375 1839 'l'sylcrinscripsitvssietsteslectionis
1506 1834 1507 1843 ἦ

279 1874 296 1912 e
309 1852 426 1912 duobus
436 1850 592 1911 codicibus
605 1860 750 1923 eootstss,
762 1872 839 1929 quos
852 1852 972 1912 codices
983 1852 1041 1931 ipsi
1054 1850 1168 1929 placuit
1180 1848 1274 1909 literis
1289 1850 1327 1907 Α.
1339 1858 1374 1907 et
1505 1844 1507 1875 r

280 1948 315 2007 il.
330 1946 495 2025 designare,
510 1944 591 2003 nulla
604 1944 705 2003 addita
714 1953 798 2015 acts,
809 1943 924 2021 cujates
937 1944 980 2005 illi
992 1944 1113 2005 codices
1128 1950 1234 2003 essent.
1280 1940 1372 2011 Quod

277 2038 402 2119 proinde
416 2058 462 2096 nse
476 2054 596 2114 quoque
612 2055 731 2096 necesse
745 2048 788 2095 est
803 2038 832 2096 in
846 2040 959 2097 incerto
973 2038 1151 2116 relinquere.
1193 2034 1320 2095 Videtur
1333 2036 1374 2093 Α.

280 2131 470 2190 Askewisnus
490 2148 567 2199 esse,
583 2148 644 2188 non
662 2147 749 2189 sonno
768 2130 906 2207 scriptos,
918 2130 971 2189 sed
992 2130 1102 2189 Aldine
1121 2128 1198 2189 notis
1217 2128 1271 2187 riri
1289 2126 1376 2187 docti
1506 2164 1507 2171 κ

279 2240 604 2391 periliberessnt·apparatus
614 2313 777 2374 criticosad
791 2314 958 2374 AEscbinem
972 2313 1127 2393 a'l'ayloro
1141 2313 1272 2383 relictus,
1282 2330 1375 2389 qoem

279 2416 374 2468 totum
389 2404 519 2465 lideliter
533 2405 591 2463 boc
607 2405 636 2463 in
652 2406 753 2465 libello
766 2406 938 2467 variantium
952 2406 1086 2477 reddidi;
1110 2396 1178 2465 satis
1191 2405 1239 2464 ille
1252 2404 1375 2483 quidem
1505 2456 1506 2485 r

280 2518 403 2578 magnos
415 2507 445 2557 et
460 2496 561 2576 grstiis
574 2498 690 2576 dignos.
725 2499 789 2577 Ego
804 2498 941 2577 equidem
959 2498 1028 2557 mibi
1041 2498 1277 2577 congratulsbsr,
1290 2498 1375 2575 qnod

278 2593 381 2652 liceret
394 2602 489 2651 tsntas
502 2608 575 2668 opes
589 2590 734 2668 proferre,
746 2592 779 2651 in
788 2592 883 2670 iisque
895 2592 1000 2651 lobene
1010 2592 1235 2669 acquievissem.
1263 2591 1375 2651 Vero·

278 2684 406 2745 secunda
420 2683 539 2742 fortune
553 2695 662 2761 prester
675 2704 757 2763 spem
769 2694 859 2763 etque
872 2686 1120 2763 exspectstioneus
1132 2704 1226 2743 snecta
1240 2684 1377 2743 suctiora

278 2777 365 2836 etism
377 2784 409 2835 et
423 2774 543 2833 meliosus
556 2776 676 2835 obtutis.
704 2777 772 2835 Jam
784 2786 991 2854 processerant
1005 2796 1105 2855 operas
1118 2787 1227 2837 nostras
1241 2778 1271 2835 in
1285 2794 1377 2836 excu-

279 2866 379 2926 dendo
393 2864 531 2941 AEscbirse
544 2884 646 2925 versos
657 2864 747 2925 tinen
757 2868 899 2927 orationis
910 2869 948 2928 de
959 2870 1114 2949 legatione,
1123 2870 1187 2947 jum
1200 2866 1375 2946 indigestam
1504 2888 1505 2891 ¹

277 2961 357 3020 illesa
370 2968 402 3019 et
414 2958 587 3037 permixtum
601 2960 752 3019 meterism
770 2960 903 3022 criticam
920 2963 1079 3042 aTsylcro
1093 2962 1226 3021 relictam
1239 2962 1278 3019 sd
1293 2960 1376 3020 locos

278 3072 348 3113 suos
367 3052 547 3131 redegeram,
567 3050 694 3112 lectione
715 3071 835 3131 queque
853 3055 891 3114 sd
913 3058 1049 3134 psginsm
1064 3065 1096 3115 et
1109 3072 1222 3115 versum
1236 3054 1378 3115 editionis

277 3147 452 3227 Tsyloranse
471 3148 573 3218 relsts,
590 3166 659 3207 cum
678 3158 801 3227 repente
819 3148 873 3209 Vir
895 3150 924 3209 io
948 3151 1041 3211 literis
1059 3148 1288 3227 elegantioribus
1299 3158 1330 3206 et
1344 3148 1376 3206 in

278 3242 361 3320 poesi
371 3240 527 3301 vernacula
536 3241 664 3300 lettressn
676 3243 841 3302 meritosuo
850 3241 975 3319 edeptus
986 3242 1187 3313 immortalens,
1198 3237 1378 3317 bessiagies,

278 3337 373 3395 Dools
386 3332 617 3395 Brsnssrioesssls
635 3334 822 3395 nobilissime
839 3336 1037 3409 bibliothecis,
1049 3352 1117 3414 quse
1132 3334 1376 3397 woltestsutsete

276 3436 451 3498 sssersstur,
466 3424 637 3504 prefectus,
652 3426 702 3487 dis
714 3435 765 3487 24.
781 3426 956 3488 Decembris
971 3430 1007 3487 Α.
1022 3434 1111 3492 utto.
1127 3428 1164 3489 atl
1180 3429 1379 3489 eremitteret

277 3539 333 3581 aec
351 3520 531 3598 opinenteas,
545 3518 675 3578 omniunt
692 3520 838 3579 AEsobiais
859 3522 1006 3592 codicum,
1027 3534 1153 3600 quorum
1168 3536 1224 3600 ego
1238 3521 1377 3603 equidem
1502 3526 1503 3535 ’

276 3611 413 3671 srbitrari
426 3610 556 3669 valorem
566 3627 622 3669 use
632 3610 797 3686 didicerim,
808 3614 870 3672 sice
880 3616 1080 3677 controversie
1092 3616 1379 3695 prtcstentissiorum,

276 3714 307 3765 et
328 3704 428 3765 nescio
445 3722 484 3763 an
504 3703 646 3775 omnious,
667 3714 819 3783 quotquot
839 3725 963 3785 usqcssa
985 3720 1123 3770 terrarum
1146 3720 1262 3771 exstent
1275 3710 1377 3781 hodie,

276 3797 498 3869 nobilissimum,
522 3811 581 3855 noo
609 3797 844 3875 tnthoissimsro
872 3800 990 3879 quidem
1014 3800 1106 3878 illum,
1131 3812 1162 3863 st
1185 3802 1376 3864 multitudine

276 3888 436 3947 lectionum
446 3889 634 3966 probstercns
647 3898 678 3946 et
691 3889 880 3967 ingenuarum
893 3892 1014 3970 reliquis
1025 3895 1223 3957 antistsotem.
1243 3890 1377 3957 Tametsi
1501 3888 1502 3897 ἶ

274 3996 376 4039 sanos
388 3978 508 4039 infitieri
518 3998 614 4056 neque
628 3993 747 4059 possum
761 3994 859 4061 treqae
871 3986 950 4055 volo,
966 3986 1079 4047 mendis
1088 3986 1170 4048 ‘bend
1179 4001 1295 4060 cerere,
1306 4005 1375 4067 quse

273 4086 374 4130 nesse
388 4070 478 4132 tineas
491 4073 641 4151 precipue
654 4083 723 4135 ssot
732 4076 911 4137 crebriores.
934 4077 1006 4138 Pers
1015 4087 1064 4138 est
1078 4078 1267 4141 bibltotteess
1279 4082 1377 4159 pobli-

275 4166 331 4233 (ἐκ,
345 4179 413 4239 qssc
432 4162 464 4221 io
481 4165 549 4241 jure
562 4176 652 4243 etque
671 4176 820 4245 potestate
835 4178 880 4229 est
895 4169 1102 4231 Universitstis
1113 4160 1377 4235 lleltsstsdiensis:
1500 4194 1501 4235 t

274 4261 457 4334 quopropter
482 4255 564 4315 illum
587 4258 724 4320 codicem
751 4260 1013 4325 Helasstsdienseta
1042 4265 1217 4345 plerumque
1244 4266 1375 4345 appello.

275 4347 419 4407 &arama
431 4354 478 4405 est
490 4346 521 4403 in
534 4348 710 4410 membranis
728 4352 911 4415 nitidissimis
930 4356 1088 4435 plerisque,
1101 4374 1161 4417 ane
1172 4374 1274 4429 mano,
1289 4358 1375 4435 qussi

275 4450 342 4500 stro,
355 4436 415 4511 die,
433 4436 581 4503 titersrsar
605 4438 745 4503 ductibus
761 4446 967 4523 pulcherrimis
981 4450 1114 4511 etlecttt
1133 4450 1380 4530 expeditissimis,
