3050 4909
464 322 526 389 DE
550 320 764 388 mscfflua
787 320 1016 388 ORATORE.
1214 318 1285 386 -xli

182 482 253 541 nolo
272 481 351 541 enim
365 480 479 541 illorum
499 482 719 560 improbitatem
740 482 848 560 sapius
862 479 980 553 resera,
999 478 1052 540 scel
1065 479 1153 540 nnius
1165 487 1281 542 tantum

181 574 236 631 riri
251 573 337 651 probi
353 574 490 633 virescet
503 574 643 633 honestas
654 594 709 653 per
722 574 901 644 AEschinem,
916 582 950 633 ut
963 573 1149 642 inclarescat,
1162 572 1280 633 faciam.

180 663 243 727 ἔστι
263 666 319 743 γάρ
339 691 383 733 τις
403 666 545 745 ἐπιδημῶν
565 672 644 747 ἡμῶν
662 672 703 733 εἷς
723 670 776 736 τὴν
788 668 875 725 πόλιν
890 664 1098 746 Ἀριστοφάνης
1115 662 1280 739 Ὀλύνθιος,

181 768 281 817 narrat
294 767 402 827 oratur,
417 762 461 833 (rr.
474 756 667 837 Παραπρεσβ,
683 760 707 829 ξ.
719 757 791 837 pff.)
803 758 890 837 robrp
910 760 1056 825 συσταθεὶς
1068 759 1123 818 inrl
1136 780 1221 817 τινων
1233 760 1281 815 ecl

181 848 352 928 πυθόμενος,
371 849 599 924 (Demosthenes
622 854 788 922 accusator)
799 855 837 916 ὥς
857 853 944 908 εἰπεῖν
961 848 1089 921 δύναται,
1102 851 1281 928 ὕπερεκθερα-

180 947 288 1009 πεύοας
308 941 395 1003 αὺτὸν
408 943 454 1000 rol
473 944 740 1021 προσαγαγόμενος,
760 949 857 1003 τοῦτον
869 940 978 1002 ’ἔπειθεν
991 942 1061 1020 ἐμοῦ
1080 946 1116 1001 τὰ
1128 940 1216 1018 leviri
1230 964 1279 1003 εα-

181 1042 368 1111 ταμαρτιρεῖν
380 1034 449 1113 πρὸς
461 1036 547 1111 ὑμᾶς.
567 1032 621 1110 raia
630 1033 782 1113 παρελθὸν
794 1034 912 1119 ἐθελήσῃ
926 1037 1097 1114 σχετλιάσαι
1110 1036 1157 1093 καὶ
1172 1034 1279 1108 λέγειν,

179 1130 220 1193 ,ὥς
237 1130 277 1193 sle
295 1125 401 1185 οἰκείαν
420 1128 506 1185 cirrosi
525 1134 647 1202 γυναῖκα
668 1128 713 1186 rol
733 1129 920 1207 αἰχμάλωτον
940 1130 1133 1205 γεγενημένην
1147 1128 1279 1208 stropp-

181 1240 264 1289 νηπα,
277 1222 464 1285 πεντακοσίας
476 1220 531 1297 μὲν
543 1218 595 1291 ἤδη
609 1218 743 1299 δραχμὰς
760 1221 924 1300 ὑπισχνεῖτο
936 1223 1011 1300 αὐτῷ
1025 1219 1133 1294 δύσειν,
1144 1234 1280 1281 πεντακο-

181 1314 249 1376 σίας
263 1308 405 1385 δ’ἑτέρας,
419 1309 533 1369 ἐπειδὰν
546 1306 791 1396 καταμαρτυρήσῃ.
812 1315 829 1371 h
848 1313 872 1373 δ’
884 1318 959 1395 αὑτᾷ
980 1314 1162 1391 ἁπεκρίνατο,
1175 1318 1214 1379 ὧς
1227 1316 1279 1372 olr-

181 1400 231 1468 τός
246 1400 377 1477 διηγεῖτο,
389 1401 431 1462 ὅτι
443 1413 493 1473 τῆς
506 1414 598 1485 φυγῆς
612 1406 656 1463 rol
670 1416 719 1475 τῆς
738 1406 882 1482 παρούσης
898 1406 1018 1483 ἀπορίας
1032 1406 1120 1485 ἔαοτᾷ
1133 1408 1165 1465 οὔ
1178 1414 1278 1477 κακῶς,

177 1496 300 1561 κᾶλλ’ὦς
313 1490 414 1554 οἷόντε
427 1494 531 1574 ἄριστα
545 1496 719 1574 στοχάζοιτο,
729 1504 778 1555 τοῦ
795 1496 824 1556 δὲ
843 1500 946 1577 τρόπον
958 1503 1092 1584 πλεῖστον
1108 1498 1151 1570 sip
1163 1497 1280 1577 διημαρ-

181 1586 280 1659 τηκώς.
300 1584 380 1648 ostiu
398 1591 455 1661 γὰρ
471 1588 508 1646 hv
522 1594 628 1647 τοιοῦτο
646 1594 758 1668 πρᾶξαι.
799 1588 875 1648 Puto
888 1590 988 1650 statim
1005 1608 1119 1663 omncs,
1140 1590 1192 1667 qui
1213 1590 1280 1651 haec

182 1678 294 1755 legunt,
310 1678 547 1757 Aristophanem,
562 1699 650 1759 quern
671 1700 823 1759 nunquam
842 1681 988 1753 viderunt,
1009 1691 1107 1741 tamen
1124 1680 1281 1760 obprobi-

181 1780 274 1829 tatem
287 1770 476 1832 vehementer
496 1790 604 1831 amare.
646 1773 755 1832 Nonne
776 1774 853 1834 enirn
874 1774 1025 1845 honestus,
1040 1774 1093 1851 qui
1112 1774 1280 1835 calamitate

181 1873 214 1925 et
234 1862 335 1943 iuopia
349 1883 477 1941 pressus,
496 1863 616 1925 dicendi
637 1866 761 1943 peritus,
775 1866 926 1928 blanditiis
941 1875 973 1927 et
992 1865 1118 1943 mortuis
1138 1863 1280 1925 sollicita-

182 1967 241 2029 tus,
255 1967 353 2017 tamen
368 1957 445 2034 turpi
461 1957 544 2018 lucro
558 1957 741 2021 honestatem
755 1960 898 2041 praeierti
918 1960 1026 2021 Nonne
1040 1957 1101 2019 tide
1113 1957 1235 2036 dignum
1248 1966 1282 2018 et

181 2049 339 2129 probabile
361 2048 509 2125 ejusmodi
531 2050 584 2111 riri
608 2051 827 2113 testimonium?
853 2053 959 2115 Nonne
984 2070 1080 2113 sermo
1102 2050 1194 2109 animi
1212 2051 1280 2130 ejus

182 2142 402 2221 uoluntatisque
417 2144 562 2222 interpres
576 2142 725 2206 idoneus?
746 2146 852 2207 Nonne
873 2156 981 2218 omtor,
995 2145 1049 2225 qui
1062 2145 1129 2205 haec
1142 2145 1280 2219 nonant,

181 2234 347 2315 probabilis
367 2244 397 2295 et
421 2236 572 2311 moraturi
601 2236 759 2299 Verissime
788 2257 859 2319 ergo
886 2240 966 2299 idem
990 2237 1029 2297 de
1050 2235 1200 2308 AEschine,
1226 2236 1279 2315 qni

183 2346 277 2388 mores
290 2326 333 2386 its
352 2326 499 2406 eleganter
512 2328 727 2407 diligenterque
748 2331 873 2401 notant,
887 2330 1047 2409 praedicari
1059 2328 1182 2408 poterit,
1196 2328 1281 2405 quod

183 2419 451 2481 Halicarnassensis
466 2420 624 2499 Dionysius
638 2420 677 2481 ne
693 2421 780 2501 Lysia
792 2422 885 2483 disits
904 2425 1005 2488 οπλῦς
1018 2419 1082 2480 sill
1094 2422 1185 2497 εὑρεῖν
1196 2419 1281 2478 biro-

182 2534 234 2590 μαι
243 2514 322 2591 παρὰ
334 2514 372 2597 τᾷ
384 2512 478 2591 ῥήτορι
490 2517 575 2593 τούτῳ
589 2514 750 2590 πρόσωπον,
766 2512 829 2574 cira
841 2511 1062 2587 ἀνηθοποίητον,
1076 2512 1141 2571 oon
1153 2510 1279 2590 ἄψιτχον.

604 2707 629 2772 S
645 2706 674 2773 E
689 2707 717 2773 C
732 2709 775 2775 Τ.
800 2707 866 2775 vi.

614 2840 664 2901 Dc
683 2840 850 2920 affectibus.

222 2982 267 3041 Ex
280 2980 434 3043 affectibus
449 2982 479 3041 io
495 2982 836 3045 orationibusAEschinis
850 2982 993 3061 imprimis
1007 2983 1068 3044 duo
1081 2982 1280 3060 dominantur,

183 3072 226 3131 irs
244 3082 274 3132 et
299 3072 509 3134 misericordia.
553 3074 596 3134 Ut
614 3075 686 3135 iram
705 3074 843 3153 judicum
857 3075 1032 3146 concitaret,
1056 3075 1279 3137 brevitercom·

181 3164 358 3225 memorauit
371 3165 592 3231 Atheniensium
609 3168 764 3227 commoda
783 3180 814 3228 et
834 3167 1021 3228 incommodo
1037 3168 1159 3245 publica
1178 3168 1279 3229 indes

181 3256 342 3318 Salaminia
354 3278 453 3336 pugna
466 3258 511 3321 ad'
520 3278 573 3321 saa
585 3271 729 3338 temporo,
744 3269 775 3320 et
787 3260 904 3339 οοοοίε,
919 3260 971 3337 qui
981 3258 1092 3319 menne
1105 3258 1280 3336 reipublicae

181 3360 318 3413 auctores
332 3350 429 3411 laudis
447 3360 479 3411 et
499 3352 743 3429 reprehensionis,
759 3370 851 3429 quam
870 3351 1039 3431 perniciosa
1058 3358 1210 3410 oratorum
1227 3350 1281 3409 im·

181 3442 316 3522 probitas
328 3442 427 3514 fuerit,
441 3451 472 3503 et
490 3444 642 3521 quomodo
661 3463 760 3505 rerum
780 3445 855 3505 serie
875 3454 908 3505 et
926 3452 1075 3505 oratorum
1094 3439 1281 3520 quorundam

181 3535 383 3615 imprimisque
399 3536 608 3599 Demosthenis
622 3536 744 3599 avaritia
758 3549 790 3598 et
802 3537 982 3618 malignitate
996 3538 1028 3597 iu
1039 3542 1214 3615 presentem
1225 3535 1282 3595 mi·

182 3630 289 3689 seriam
300 3628 472 3689 ceciderint.
513 3630 589 3691 Nam
605 3630 670 3691 hssc
684 3630 783 3690 omnio
796 3631 834 3691 ad
846 3630 1013 3691 taciendam
1027 3628 1223 3689 Demostheni
1237 3628 1281 3689 iu·

183 3722 294 3781 sidiam
307 3730 340 3783 et
352 3721 524 3783 irritandam
542 3722 679 3797 judicum
692 3722 765 3783 iram
779 3732 848 3782 suot
860 3721 975 3783 idonea.
1017 3721 1125 3780 Nonne
1138 3720 1215 3781 enim
1228 3740 1282 3781 co·

182 3814 325 3892 gitatione
336 3813 441 3892 prisce
452 3813 578 3875 fortunae
591 3816 843 3892 praesentiumque
854 3814 1052 3879 calamitatum
1063 3812 1168 3874 irritati
1177 3822 1282 3874 aucto·

181 3906 264 3969 ribus
275 3924 375 3967 earum
390 3906 563 3967 irascimurl
577 3906 683 3967 Nonne
697 3906 770 3967 odio
784 3907 940 3987 dignorum
950 3906 1101 3968 hominurn
1113 3913 1144 3966 et
1151 3913 1282 3968 veterum

183 3997 314 4059 hostium
329 3998 532 4063 recordatione
548 4016 617 4078 erga
629 4007 806 4077 presentes,
821 4000 956 4078 quisunt
969 4000 999 4059 in
1014 4006 1161 4077 potestate
1172 4006 1282 4073 metra,

182 4090 345 4151 serenores
367 4092 492 4151 sumusl
511 4090 618 4151 Nonne
637 4094 758 4153 animus.
773 4091 931 4171 decipitur,
951 4102 984 4153 et
1006 4091 1071 4165 hos,
1092 4090 1146 4170 qui
1162 4090 1282 4164 adsunt,

182 4182 271 4243 etiem
292 4182 506 4261 preteritarum
521 4183 720 4243 calamitatum
739 4192 877 4245 auctores
897 4187 1005 4263 putati
1024 4185 1132 4244 Nonne
1154 4184 1281 4258 miseria

182 4294 245 4352 qus
269 4276 437 4351 premimur,
457 4284 628 4353 comparata
645 4296 717 4353 cum
740 4276 867 4349 fortnnu
894 4296 954 4356 qus
975 4277 1047 4337 olim
1071 4276 1144 4337 clari
1164 4275 1282 4349 suimus,

182 4370 384 4435 vehementius
398 4368 490 4431 afficit
503 4380 533 4429 et
552 4370 665 4431 animos
678 4371 832 4433 concitati
853 4372 963 4432 Nonne
974 4369 1160 4450 negligentia
1173 4378 1282 4429 nostrae

183 4481 244 4525 nos.
259 4454 393 4539 prenitet,
412 4460 505 4522 futuri
529 4462 670 4540 temporis
691 4482 793 4545 eurum
817 4463 954 4541 genum
972 4472 1014 4534 et,
1038 4480 1076 4521 nc
1099 4459 1160 4520 rint
1180 4470 1288 4538 postus

226 4568 305 4613 vor..
321 4570 345 4612 1.
710 4552 764 4632 'g
