3050 4909
368 631 686 701 CHRISTIANI
725 633 861 701 uult).
896 629 1161 707 MATTHAEI,

723 816 757 857 s.
773 815 810 855 u.

517 950 712 1011 LIBELLUS
738 947 1012 1009 ACADEMICUS

277 1252 728 1341 AESCHINE
798 1250 1249 1338 ORATORE

482 1446 580 1488 Lll'SlAE
592 1446 622 1487 D.
634 1444 709 1485 xvrt.
723 1442 830 1483 usuum
844 1444 872 1485 Α.
886 1442 1039 1484 MDCCLXX.

413 1573 468 1627 AD
507 1570 822 1647 ntscsunuunuut
862 1569 1112 1626 PROPOSITUS.

696 1740 827 1771 ...Ὦ-..Ξ

669 1888 799 1954 SEGT.
823 1890 852 1954 Ι.

209 2036 262 2092 An
287 2030 364 2090 hanc
386 2029 425 2089 de
449 2026 586 2087 AEschiue
605 2035 720 2083 oratore
743 2023 976 2103 disputationem
997 2026 1036 2085 ab
1058 2026 1312 2089 Halicsmassensi

211 2124 356 2203 Dionysio
370 2122 452 2181 ducti
467 2119 661 2199 pervenimus.
692 2117 767 2177 Cum
782 2119 860 2178 enim
873 2117 1141 2191 constituissemus,
1156 2120 1311 2180 humanio-

210 2236 275 2278 rum
289 2218 449 2277 litterarum
464 2222 577 2294 partem
593 2215 721 2295 aliquam
737 2222 875 2286 tractare,
890 2222 920 2273 et
933 2211 1159 2289 ‹teargumento
1177 2212 1312 2292 disputa·

209 2311 283 2371 tioni
301 2310 408 2370 idoneo
422 2307 660 2394 deliberaremus,
675 2327 712 2369 eo
733 2308 858 2369 consilio
880 2303 1056 2383 Dionysium
1076 2304 1266 2377 accessimus,
1288 2306 1312 2365 si
1404 2303 1406 2306 ’

208 2422 360 2482 possemus
375 2402 501 2480 reperire
515 2402 624 2474 locum,
640 2401 669 2461 in
684 2420 745 2479 quo
760 2401 903 2480 cogitatio
917 2406 948 2457 et
961 2396 1092 2458 studium
1105 2407 1236 2459 nostrum
1252 2417 1312 2458 uon

209 2498 330 2555 omnino
352 2496 493 2555 inutiliter
514 2504 721 2573 occuparetur.
762 2496 833 2555 Non
853 2492 960 2555 fet‘ellit
973 2490 1154 2569 opinionem,
1171 2512 1258 2571 quam
1273 2492 1311 2552 de

209 2608 246 2647 eo
274 2606 515 2665 conceperamus,
541 2588 592 2645 sed
622 2584 740 2648 dicendi
770 2587 904 2645 urberem
931 2584 1083 2642 materiam
1110 2585 1312 2664 suppeditavit

208 2680 360 2759 scriptoris
396 2680 602 2756 elegantissimi
633 2678 714 2739 varia
741 2688 772 2739 et
798 2680 920 2758 copiosa
949 2676 1093 2739 doctrina.
1145 2679 1310 2758 Selegimus

208 2774 378 2833 AEsclriuem
393 2782 548 2843 oratorem,
570 2772 618 2832 cui
640 2790 706 2835 cum
726 2772 929 2833 Demosthene
941 2779 973 2831 et
991 2770 1144 2851 Hyperide
1162 2772 1310 2851 principa-

208 2875 269 2926 tum
288 2865 464 2943 eloquentiae
485 2864 600 2939 detulit‚
626 2874 656 2923 et
677 2864 786 2943 quibus
809 2865 988 2944 argumentis
1013 2865 1162 2927 adductus
1184 2866 1262 2925 banc
1283 2866 1311 2925 ei

207 2956 326 3017 landem
352 2957 498 3029 tribuerit,
521 2957 551 3016 in
576 2958 703 3017 animum
728 2958 895 3019 induximus
918 2959 1104 3035 investigare.
1143 2959 1221 3030 Jam,
1241 2977 1317 3031 cum,

207 3050 331 3110 oratoris
352 3048 479 3109 facultas
493 3050 523 3109 iu
537 3050 654 3111 duobus
667 3060 809 3122 versetur,
825 3053 922 3112 verbis
935 3060 967 3111 et
984 3052 1083 3121 rebus,
1098 3070 1212 3111 omnem
1233 3052 1311 3111 banc

207 3146 246 3206 de
262 3144 398 3205 AEschiue
418 3144 648 3224 disputationem
670 3146 700 3205 in
720 3146 795 3207 duas
809 3146 1013 3208 distribuimus
1033 3153 1145 3223 partes,
1165 3154 1198 3205 et
1215 3145 1309 3223 prium

206 3240 275 3300 loco
288 3238 477 3318 exposuimus
496 3238 535 3299 de
554 3238 730 3309 elocutione,
752 3238 886 3301 secundo
904 3240 936 3301 rb
949 3238 1148 3318 πραγματικὸν
1160 3237 1309 3299 examina·

208 3351 308 3392 umus.

652 3452 784 3517 SECT.
814 3451 864 3515 ΙΙ.

508 3597 559 3657 De
575 3600 792 3679 perspicuitate
805 3606 834 3659 et
850 3598 1006 3661 euidentia.

244 3726 316 3785 Non
336 3726 448 3806 patitur
470 3747 515 3787 res
537 3727 671 3806 exempla
691 3728 913 3808 perspicuitatis
936 3749 1110 3800 recensere;
1140 3728 1194 3789 sed
1215 3728 1306 3789 ausim

203 3830 302 3879 tamen
317 3839 491 3892 asseverare,
504 3840 581 3895 eum,
596 3821 647 3899 qui
662 3822 865 3893 Demostheni,
877 3826 986 3884 oratori
1001 3822 1174 3894 clarissimo,
1185 3822 1216 3883 in
1229 3842 1265 3883 ea
1275 3844 1307 3883 re

203 3913 418 3992 adversaretur,
438 3913 683 3974 studiosissimum
708 3935 772 3975 esse
794 3916 931 3978 debuisse
954 3918 1049 3977 omnis
1071 3916 1305 3995 perspicuitatis,

204 4005 271 4086 qslae
285 4026 303 4067 a
317 4006 405 4066 rebus
419 4008 530 4085 argutis
545 4006 683 4079 abstinet,
696 4008 793 4068 verbis
808 4009 901 4069 utitur
914 4012 1000 4080 notis,
1014 4019 1044 4069 et
1054 4010 1249 4070 collocatione
1262 4028 1308 4084 ea,

202 4122 270 4180 qum
285 4102 382 4162 ordini
396 4112 426 4162 et
441 4111 553 4162 naturae
567 4112 613 4161 cst
626 4104 814 4164 couveniens.
855 4106 955 4183 Atque
971 4104 1035 4163 lroec
1049 4104 1191 4163 orationis
1200 4105 1306 4175 virtus,

202 4194 377 4272 quamvisei
392 4214 510 4272 operam
533 4193 602 4252 dare
624 4192 733 4254 debeat
755 4205 866 4265 orator,
888 4202 975 4255 mnne
997 4205 1095 4255 tamen
1117 4204 1149 4253 et
1168 4177 1306 4274 exiguum

201 4290 355 4368 praemium
372 4280 550 4365 laudemque
569 4286 668 4346 babet.
711 4288 809 4365 Magis
831 4288 910 4349 euim
934 4288 969 4360 is,
993 4289 1045 4366 qui
1069 4307 1130 4349 rem
1147 4288 1306 4368 perspicue

201 4381 301 4451 tradit,
318 4379 390 4439 vitio
404 4378 594 4441 obscuritatis
607 4379 724 4440 videtur
739 4400 849 4453 carere,
870 4400 960 4460 quam
975 4382 1084 4442 virtute
1097 4381 1198 4460 aliqua
1211 4380 1307 4442 excel-

199 4474 271 4548 lere,
282 4495 318 4535 es
329 4492 389 4555 qua
402 4474 572 4536 auditorum
585 4474 742 4537 admiratio
756 4484 789 4537 et
800 4476 931 4537 studium
945 4476 1068 4547 oriatur,
1083 4486 1117 4536 ut
1131 4486 1245 4549 conus,
1255 4474 1308 4554 qui
