3050 4909
487 778 491 783 -
563 850 598 934 Ι.
625 849 660 934 Ι.
705 844 973 933 REISKII

634 1060 898 1131 Panemo

748 1252 785 1286 nn

308 1334 621 1488 sononni
671 1384 756 1490 tu
807 1378 1222 1489 AEscntunn.

705 1633 826 1649 ψ

216 1753 303 1822 Qua
316 1772 396 1814 nunc
410 1755 522 1833 primus
540 1753 600 1815 edo
616 1752 648 1815 in
665 1754 836 1817 AEschinem
850 1754 976 1831 Scholia,
989 1776 1008 1817 a
1020 1753 1120 1817 multis
1133 1753 1311 1827 desiderata,

216 1856 252 1907 ut
264 1846 322 1907 alia
335 1846 428 1907 multa
440 1847 555 1907 scilieet
568 1844 774 1910 desiderantur
786 1848 826 1909 ab
844 1848 1045 1929 ignorantibus
1060 1867 1141 1911 veras
1156 1866 1253 1909 rerum
1266 1866 1312 1909 rn-

214 1940 499 2021 tiones,a'1'ayloro
514 1960 575 2001 non
593 1960 654 2003 uno
673 1940 741 2003 loeo
762 1942 884 2005 laudata
899 1952 930 2005 et
948 1943 1167 2017 commendata,
1179 1942 1231 2003 sed
1250 1942 1313 2021 ipse

214 2052 270 2095 suo
282 2036 434 2112 preconio
455 2034 556 2106 fidem,
571 2033 682 2106 viden,
697 2035 750 2115 qui
766 2036 924 2116 approbet,
939 2056 1030 2117 penes
1046 2056 1094 2099 me
1113 2035 1234 2116 quidem
1254 2054 1313 2096 non

214 2127 314 2205 magni
325 2146 361 2187 ea
374 2125 462 2198 fiunt,
476 2136 508 2187 et
530 2146 601 2187 usus
615 2127 680 2205 ipse
700 2127 833 2202 docebit,
846 2148 892 2189 nne
907 2129 983 2190 bona
997 2130 1056 2191 tide
1069 2146 1139 2191 cum
1153 2126 1314 2189 lectoribus

214 2238 311 2298 agere,
325 2221 378 2298 qui
392 2239 505 2281 meroes
526 2220 597 2279 satis
619 2220 748 2280 triuiales
767 2221 954 2283 mendacium
976 2223 1096 2285 laudum
1116 2220 1313 2283 ostentatione

213 2311 368 2373 venditare
390 2312 524 2391 religioni
545 2312 616 2371 mihi
636 2312 761 2384 ducam
782 2332 817 2375 ea
834 2313 922 2393 igitur
944 2314 1074 2388 Scholia,
1092 2314 1171 2376 uude
1190 2331 1314 2390 accepe-

214 2406 281 2478 rim,
296 2414 330 2467 ut
343 2426 381 2467 ex
395 2424 443 2465 tne
456 2405 581 2468 lectores
592 2405 731 2484 accipere
744 2406 876 2486 cupient,
890 2406 932 2467 ita
945 2426 1037 2488 opera
1055 2407 1125 2468 mibi
1146 2404 1244 2467 danda
1255 2411 1312 2475 est,

214 2506 248 2559 ut
260 2517 313 2558 eos
327 2497 416 2575 hujus
429 2496 478 2581 rei,
485 2498 627 2559 certiores
639 2496 758 2560 faciam.

253 2590 375 2651 Scholia
381 2590 448 2651 baec
458 2610 518 2651 non
530 2590 614 2651 unius
625 2589 764 2651 videntur
771 2592 885 2669 generis
893 2610 970 2662 esse,
982 2586 1033 2651 sed
1047 2590 1148 2651 scoriis
1158 2596 1225 2651 sunt
1237 2606 1311 2650 rarae

213 2683 367 2745 nobilioris
381 2683 491 2744 metalli
506 2683 591 2744 micae
606 2684 792 2745 intermitte.
833 2684 955 2745 Fundus
974 2683 1159 2747 scholiorum
1173 2684 1312 2763 antiquus

214 2787 247 2840 et
259 2778 403 2857 ingenuus
428 2777 533 2856 utique
554 2785 610 2851 est,
630 2777 682 2837 sed
703 2775 911 2839 Graeculorum
935 2777 993 2839 frea
1011 2798 1047 2837 es
1068 2776 1169 2839 infima
1182 2787 1269 2839 aetate
1283 2786 1315 2837 et

214 2872 308 2933 classe
322 2870 504 2944 illuvetnsta
519 2869 607 2943 bone,
621 2870 718 2949 magni
733 2871 839 2931 merito
853 2891 907 2932 suo
922 2871 1069 2947 facienda,
1083 2872 1135 2931 sed
1152 2890 1247 2949 pauca
1261 2890 1314 2931 nu-

215 2984 307 3037 nrero,
320 2975 382 3025 tam
394 2964 496 3025 multis
509 2965 595 3044 nugis
608 2965 673 3035 suis,
680 2964 790 3036 obruit,
804 2973 836 3024 ut
851 2962 902 3043 pe'r
922 2986 967 3025 me
987 2967 1012 3025 si
1032 2966 1171 3039 stetisset,
1185 2964 1215 3025 in
1229 2974 1312 3025 tene-

216 3056 277 3118 bris
297 3066 328 3118 et
346 3058 462 3135 angulis
477 3057 739 3131 bibliothecam,
754 3057 863 3136 quihus
886 3057 924 3118 ad
945 3058 1002 3118 hoc
1025 3057 1085 3117 diei
1106 3056 1249 3117 abstrusae
1264 3059 1312 3136 ja-

208 3160 346 3223 cuerant,
360 3149 469 3211 diutius
494 3151 709 3211 inveterascere
729 3150 871 3209 sivissem.
913 3149 981 3211 ntia
999 3148 1073 3207 levia
1094 3158 1171 3221 sunt,
1190 3150 1247 3209 alia
1263 3150 1312 3210 vel

206 3244 315 3324 ,pueris
335 3254 416 3317 nota,
437 3243 494 3303 alia
513 3242 595 3316 salsa,
616 3244 674 3303 alia
692 3242 818 3303 ridenda
838 3251 869 3301 et
892 3242 1091 3322 explodenda,
1110 3250 1205 3303 totum
1227 3262 1312 3321 paene

213 3338 359 3398 ferculum
374 3335 587 3413 abjiciendum.
629 3336 751 3406 Nescio,
766 3353 802 3395 an
824 3324 914 3394 insint
933 3336 1005 3415 ipsis
1019 3336 1094 3397 adeo
1110 3336 1232 3396 Henrici
1249 3336 1313 3397 ste-

213 3431 304 3509 phani
319 3439 350 3490 et
362 3428 464 3490 Wolfii
477 3428 656 3489 editionibus
664 3427 798 3504 juniora,
811 3438 842 3488 et
853 3427 935 3491 illinc
950 3428 1027 3489 istuc
1042 3428 1191 3490 translata.
1233 3428 1311 3489 Aldo

214 3522 336 3600 quidem
345 3522 468 3602 juniora
481 3525 588 3596 inesse,
602 3521 698 3581 utullus
710 3520 827 3581 dubito.
869 3520 932 3581 Cur
945 3530 1053 3592 autern,
1067 3521 1138 3593 aies,
1152 3521 1205 3579 viri
1219 3520 1312 3594 docti,

214 3635 313 3694 neque
335 3615 377 3675 illi
395 3616 496 3677 obesse
509 3614 589 3675 naris
602 3614 746 3686 homines,
759 3623 791 3673 et
812 3613 932 3692 quibus,
945 3632 1000 3675 cur
1013 3606 1147 3676 fraudem
1170 3612 1312 3687 lacerent,

214 3710 256 3769 nil
281 3719 359 3770 esset
381 3726 490 3781 causae,
518 3711 651 3769 certatim
679 3708 745 3767 brec
769 3706 881 3769 scholia
905 3707 1121 3769 collaudarent
1163 3706 1312 3771 Differunt

215 3822 317 3863 sensus
330 3802 481 3864 bominum
493 3801 571 3862 inter
583 3822 614 3862 se
628 3800 886 3881 quamplurimum,
900 3810 934 3861 ut
948 3802 1051 3863 mirum
1065 3801 1148 3863 dictu
1162 3801 1211 3863 sit.
1246 3802 1311 3881 Ego

215 3904 311 3957 totum
326 3914 412 3974 paene
432 3916 523 3974 genus
538 3895 769 3957 Scholiastarum
791 3904 959 3967 contemno,
973 3903 1004 3954 et
1017 3894 1056 3954 ab
1069 3914 1171 3955 eorum
1184 3894 1312 3957 lectione

214 4000 279 4053 tota
292 3992 353 4052 vita
365 3992 514 4065 abhorrui,
529 4011 605 4071 quos
619 3980 846 4072 ludimagistrus,
867 3991 1044 4065 blaterones,
1059 3991 1196 4068 infantes,
1216 4012 1311 4055 rerum

214 4084 402 4164 antiquarum
414 4084 566 4164 imperitos
579 4096 612 4145 et
623 4104 708 4163 pene
722 4078 828 4146 stultos
841 4104 895 4145 usu
908 4104 974 4145 meo
982 4083 1252 4166 deprehendissem.
1274 4086 1313 4147 Et

214 4178 293 4238 hunc
320 4196 441 4257 quoque
465 4176 653 4238 scholiastam
672 4177 821 4238 AEscbinis
846 4176 1012 4239 fraterculis
1037 4198 1102 4240 esse
1126 4180 1312 4252 simillimum,

215 4270 403 4331 vehementer
415 4268 495 4344 mihi,
508 4270 561 4349 qui
578 4270 675 4333 editor
688 4272 753 4345 sins,
769 4270 920 4351 doletque,
943 4273 1097 4352 pudetque
1110 4272 1207 4335 fateri.
1250 4272 1313 4333 Do·

215 4363 338 4426 duellos
351 4375 459 4441 tamen,
474 4363 639 4438 Fabricius,
655 4364 906 4441 Hemsterhusius,
924 4364 1079 4445 Taylorus,
1094 4367 1314 4445 Wesselingius,

215 4456 424 4533 Ruhnkenius,
442 4458 574 4537 Toupius
597 4457 635 4518 sd
659 4456 814 4518 Theocriti
841 4456 1039 4537 Syracusanas
1061 4478 1090 4538 p.
1112 4464 1182 4523 2³9.
1208 4460 1314 4539 passim
