3050 4909
189 340 228 405 is
504 337 532 403 l.
555 337 583 404 Ι.
606 336 649 405 tt.
671 336 737 403 Al)
760 336 1016 405 AEscfltttsstt

189 498 256 561 lsun
268 488 395 580 rigentis
415 499 607 573 manente,
627 494 773 561 vetustate
786 488 977 568 venerabilia.
997 518 1035 559 es
1056 516 1118 559 uno
1134 485 1300 577 corruptis}

189 593 281 666 aimo,
294 602 326 654 et
338 594 451 655 lacunis
464 593 660 672 plurimisque
675 601 707 653 et
720 590 889 653 fundissimis
902 591 1003 653 obsito
1015 590 1121 651 codice
1133 588 1226 662 edita,
1241 589 1295 669 qui

88 670 97 691 ⁸
188 685 382 758 emacularet,
391 685 444 763 qui
456 685 588 757 sarciret,
596 684 648 763 qui
658 689 787 755 ornaret,
797 684 849 764 qui
861 683 966 744 Latine
978 684 1232 762 interpretaretur,
1242 682 1294 763 qui

189 775 257 837 fane
270 776 546 837 commentariorum
564 775 751 849 illuminaret,
765 776 818 855 qui
838 775 987 837 lectitaret
1004 775 1091 845 adeo,
1105 794 1193 854 paene
1206 794 1293 839 nemu

189 867 259 929 suis.
285 868 446 931 Rarissime
458 870 538 931 enim
551 888 587 930 es
600 870 662 929 suis
676 872 707 929 in
721 869 840 948 scriptis
852 868 946 931 citant
955 867 1011 927 viri
1022 868 1116 939 docti,
1124 876 1160 928 ut
1172 886 1294 947 prorsus

189 960 329 1040 ignorare
352 960 519 1036 videantur.
559 962 673 1023 Preter
686 961 856 1022 AEsobiuem
877 969 910 1023 et
928 960 1057 1042 Lysiam,
1074 978 1151 1040 qnos
1174 960 1233 1021 boc
1252 959 1294 1021 de

189 1072 281 1133 grege
302 1053 382 1114 solos
400 1052 485 1115 wolf
500 1064 531 1117 et
553 1055 729 1133 Stephanus,
744 1062 777 1115 et
796 1051 956 1115 novissime
967 1054 1083 1133 Taylor
1101 1072 1169 1114 cnm
1191 1052 1293 1112 Μηνὶ·

188 1148 282 1211 laudo
300 1150 407 1230 dignos
427 1150 508 1211 nuris
529 1149 589 1210 suis
610 1147 790 1219 babuerunt,
813 1147 919 1227 reliqui
939 1166 1042 1209 omues
1063 1150 1104 1207 ab
1122 1145 1204 1208 Aldo
1221 1145 1292 1207 inde

187 1240 342 1317 inmundi,
357 1242 489 1316 incomti,
504 1243 533 1303 iu
545 1238 659 1314 illuvie,
674 1240 813 1321 neglectu
826 1249 858 1301 et
870 1249 1022 1303 contemtu
1035 1240 1113 1301 adeo
1122 1242 1289 1320 jacuerunt.

189 1334 279 1396 Unde
292 1334 381 1414 bujus
395 1333 488 1397 uouli
500 1334 539 1397 dc
551 1334 704 1395 voluntate
718 1334 844 1395 Graecas
857 1352 927 1414 erga
940 1334 1039 1393 literas
1050 1332 1176 1411 judices.
1218 1332 1292 1392 l’os·

188 1437 260 1489 suut
282 1434 380 1489 tamen
401 1427 492 1506 bujns
511 1427 642 1506 perversi
658 1424 770 1505 judicii
783 1444 883 1487 osusm
895 1425 1035 1506 quedam
1049 1426 1135 1488 reddi
1149 1425 1292 1504 quodam·

187 1520 279 1581 modo
291 1518 471 1599 probabiles.
504 1520 615 1597 Prima,
631 1518 712 1599 quod
728 1517 833 1580 borum
847 1528 998 1581 oratorum
1012 1520 1154 1598 perpauci
1167 1518 1292 1579 codices

187 1613 220 1673 iu
234 1611 423 1675 bibliothecis
446 1613 555 1678 nostris
575 1612 773 1693 reperiuntur.
815 1612 884 1673 ltsli
901 1612 980 1672 enisu
1002 1610 1081 1671 bona
1101 1629 1165 1683 sus,
1179 1610 1291 1689 quibus

186 1703 351 1778 abundant,
369 1722 473 1785 parum
494 1705 671 1785 intelligunt,
689 1714 721 1767 et
739 1706 823 1784 parvi
839 1704 962 1778 iaciunt,
976 1705 1083 1765 summi
1098 1704 1243 1783 iacienda,
1256 1713 1290 1765 ot

184 1798 282 1860 eatesi
292 1798 407 1861 ltaliam
416 1797 637 1877 frequentantes
650 1798 709 1859 alia
722 1796 822 1859 omnia
835 1797 973 1878 cupidius
984 1806 1129 1878 spectant,
1137 1797 1289 1859 ardentius

181 1899 408 1963 comeduntur,
418 1909 509 1971 quam
519 1902 552 1953 ut
565 1899 702 1953 suctores
715 1901 830 1953 veteres
842 1892 970 1952 Graecos
985 1910 1021 1949 ea
1033 1889 1245 1968 antiquissimis
1257 1896 1291 1950 et

185 1982 337 2045 fidissimis
347 1984 532 2058 membranis,
542 2002 618 2064 quas
632 1984 737 2056 Roma,
746 1984 905 2055 Florentia,
918 1982 1134 2061 Mediolanum,
1144 1984 1288 2055 Venetia,

185 2075 360 2148 Taurinum,
381 2075 535 2156 Neapolis,
557 2074 667 2148 Sicilia,
684 2094 792 2154 magno
811 2085 914 2137 tenent
932 2095 1065 2148 numero,
1079 2076 1238 2140 emendare
1255 2086 1289 2137 et

183 2167 328 2231 resarnlre
341 2168 487 2249 negitent.
526 2168 671 2247 Indignor
683 2186 765 2246 saepe
774 2187 900 2243 mecum,
914 2178 946 2231 et
958 2168 1120 2249 ingemisco
1133 2177 1224 2231 tantae
1234 2169 1288 2231 bo-

181 2260 295 2321 minum
308 2259 451 2333 caecitati,
464 2260 550 2321 bonis
563 2260 593 2321 iu
604 2258 702 2321 medio
713 2260 821 2340 positis
835 2260 879 2321 uti
892 2270 945 2322 aut
957 2260 1163 2333 nescimtinn,
1178 2272 1231 2324 sut
1243 2262 1287 2323 nil

183 2352 361 2416 mirantium.
401 2353 513 2417 Verum
527 2351 606 2415 baud
621 2353 710 2433 juset
723 2352 836 2415 iontem
850 2352 940 2432 bqjus
950 2360 1011 2419 tssa
1024 2352 1173 2433 pudenda
1186 2373 1289 2418 socor-

183 2447 243 2509 dior
256 2448 384 2529 aperire,
397 2449 450 2529 qui
464 2448 496 2513 in
514 2446 620 2526 puerili
634 2446 729 2509 basset
742 2446 926 2508 institutione
939 2466 1031 2528 penes
1045 2446 1202 2527 magistros
1221 2470 1285 2522 eos,

184 2564 311 2623 quorum
332 2546 463 2618 interest,
472 2546 661 2623 Juventutem
683 2544 789 2605 sedulo
808 2563 934 2604 avocare
950 2555 1043 2624 atque
1062 2563 1164 2605 arcere
1177 2545 1217 2605 ab
1230 2566 1287 2607 usn

183 2637 328 2697 bonerum
353 2636 511 2709 liternum,
535 2637 614 2697 unde
638 2634 730 2696 libere
750 2636 882 2714 cogitare
901 2636 1009 2698 discat.
1049 2636 1165 2699 Posteri
1187 2648 1287 2700 tamen

181 2727 255 2807 quid
270 2728 383 2803 dicent,
401 2730 442 2791 de
456 2729 542 2790 nobis
556 2728 629 2810 qnid
643 2728 865 2801 existimabunt,
879 2738 1072 2810 posteaquam
1093 2730 1213 2793 codices
1230 2733 1287 2794 bos

183 2820 266 2901 ipsus
286 2821 437 2883 multifarii
460 2841 557 2894 ossus,
581 2822 731 2883 hominum
755 2821 885 2893 fundes
908 2824 973 2902 ipss
995 2834 1129 2885 vetustas
1152 2844 1171 2885 e
1194 2826 1285 2888 rebus

184 2914 364 2989 rettulerint,
377 2934 446 2977 oum
468 2916 600 2995 legentes
621 2915 652 2975 in
673 2913 817 2995 catalogis
838 2916 1084 2979 bibliothecarum
1105 2918 1285 2979 mentionem

181 3028 283 3072 eorum
294 3008 413 3082 lscmm,
426 3028 486 3069 non
498 3008 643 3070 lectiones
657 3008 753 3070 saltim
767 3028 871 3070 eorum
885 3020 1083 3082 conservatas,
1098 3019 1129 3071 et
1141 3011 1284 3073 librorum

181 3101 387 3179 impressorum
408 3100 556 3163 beneficio
575 3101 614 3161 sd
633 3120 737 3163 omnes
751 3111 896 3164 terrarum
910 3121 978 3163 oras
996 3103 1105 3163 diditus
1118 3112 1152 3165 et
1170 3105 1209 3166 sd
1229 3124 1286 3184 po·

180 3202 278 3254 steros
291 3193 475 3255 transmissus
483 3192 645 3256 videbuntl
672 3195 776 3255 Altera
786 3214 887 3267 nausa,
899 3214 970 3275 quae
980 3196 1095 3271 lecerit,
1105 3205 1139 3256 ut
1152 3205 1284 3261 oratores

181 3286 213 3346 bi
226 3286 454 3367 negligerentur,
469 3286 534 3348 lrsec
549 3285 653 3348 baberi
665 3286 771 3371 possit,
786 3288 868 3368 quod
887 3308 1001 3365 eorum,
1014 3309 1083 3369 qum
1096 3298 1223 3364 exstant,
1236 3292 1283 3352 in-

183 3380 408 3461 terpretationes
421 3380 535 3442 Latinae
547 3400 652 3461 parum
663 3400 681 3441 a
692 3381 771 3441 mma
780 3382 901 3463 publica
915 3383 1092 3463 probentur.
1114 3384 1179 3464 Ego
1193 3384 1283 3457 enim,

180 3473 235 3555 qni
254 3492 405 3553 nunquam
420 3493 470 3534 eas
484 3492 539 3553 per
552 3493 598 3536 me
612 3474 758 3546 noscitare
771 3483 862 3554 atque
880 3476 1029 3536 estimare
1043 3476 1215 3551 curaverim,
1229 3496 1282 3539 sse·

180 3588 239 3646 que
253 3566 403 3641 damnare,
424 3586 521 3647 neque
534 3566 687 3627 absolvere
700 3568 808 3630 ausim.
849 3568 910 3629 Sed
931 3568 1050 3629 Miniati
1069 3569 1244 3642 versionem,
1263 3590 1282 3631 a

179 3681 227 3721 me
247 3678 396 3738 uunquam
418 3658 591 3740 inspectam,
606 3680 624 3722 a
639 3660 707 3721 siris
722 3658 821 3722 doctis
834 3660 967 3723 damnari
979 3661 1079 3724 video.
1121 3663 1169 3724 De
1183 3662 1281 3743 Lysiae

178 3753 340 3833 interprete
353 3771 411 3813 san
429 3752 483 3815 der
497 3752 609 3813 lleidio
626 3752 761 3832 queritur
773 3754 899 3835 Taylor,
912 3772 970 3832 ego
982 3772 1085 3816 rursus
1096 3753 1136 3813 ds
1149 3756 1282 3835 Tayloro

178 3866 306 3927 quernrs
317 3844 407 3925 nujus
418 3844 692 3925 interpretationem
706 3846 840 3907 Latinam
856 3846 968 3928 Lysim,
979 3866 1060 3910 nunc
1070 3846 1148 3907 fama
1161 3848 1282 3927 publica

177 3946 210 4005 et
221 3938 315 4018 gratia
333 3938 471 3999 novitatis
485 3936 638 3999 florentem
652 3938 766 4000 utinam
779 3940 823 3999 ita
835 3949 957 4001 nossem
967 3959 1079 4012 omnm,
1095 3958 1211 4020 usuque
1224 3962 1281 4005 suo

176 4032 219 4091 ita
234 4038 418 4111 compertum
438 4030 594 4104 baberent,
607 4038 699 4109 atque
720 4050 779 4111 ego
798 4052 866 4095 meo
885 4033 993 4109 lsabeo,
1007 4050 1097 4112 qnam
1116 4034 1155 4094 sit
1175 4052 1280 4115 parum

176 4124 460 4204 Latina,snpissisne
471 4144 488 4187 a
499 4124 650 4187 sententiis
659 4126 1281 4207 Lysiaabborrena,ipssGsascsoratione,

177 4236 246 4298 qum
258 4218 298 4279 ob
310 4218 481 4279 brevitatem
491 4218 650 4298 sepissime
660 4230 707 4281 est
717 4220 936 4296 obscurissima,
944 4222 1041 4284 multo
1050 4222 1216 4308 obscurior,
1222 4226 1281 4287 illi·

175 4310 294 4392 lrerslis,
307 4320 339 4371 et
347 4328 473 4391 prorsus
486 4311 690 4375 intolerabilis.
721 4312 855 4376 Tertiam
868 4315 947 4378 addc
960 4334 1089 4391 unum,
1098 4317 1177 4397 juris
1185 4320 1280 4381 Attici

175 4402 401 4485 ignorationem.
442 4402 533 4472 Quod
551 4404 604 4483 jus
626 4406 744 4465 tametsi
765 4405 833 4467 fona
855 4416 901 4468 est
918 4406 1055 4480 Romani,
1073 4409 1104 4469 in
1127 4430 1190 4490 qno
1208 4412 1279 4490 jure

176 4498 309 4563 Romano
322 4497 509 4561 enucleando
523 4508 568 4560 tot
582 4498 742 4561 laborarint
756 4510 857 4565 nostra
875 4510 1053 4583 patruusque
1069 4502 1212 4567 memoria
1225 4505 1280 4567 siri
