3050 4909
616 340 871 431 pampano.
1252 360 1296 405 xv

190 498 298 560 dandis
312 498 491 581 (interventu
512 502 697 567 librariorum
718 503 759 565 nil
779 502 829 565 hio
848 520 927 582 opus
945 509 1010 571 est:
1034 500 1165 579 denique
1183 520 1245 561 non
1264 504 1295 562 in

188 591 320 654 obscuro
333 594 462 673 quodem
480 604 511 658 et
527 596 650 676 ignobili
670 597 747 677 dego
767 598 887 676 angulo,
907 595 960 657 sed
982 595 1014 656 in
1031 595 1108 656 urbe
1123 596 1293 656 Gemonios

190 686 393 760 celeberrima,
408 690 521 768 Lipsia)
534 689 727 771 profiteantur
746 689 835 751 modo
856 708 889 751 se
903 689 1019 750 futuros
1040 697 1176 760 emtores,
1185 688 1228 749 de
1241 710 1294 769 pe.

190 778 279 838 cunis
299 779 451 841 reddenda
471 793 603 857 caream,
620 783 758 861 viamque
778 790 810 843 et
828 782 1060 863 oportunitatem
1080 780 1295 854 demonstrent,

189 888 250 948 qua
261 872 438 952 exemplaria
447 875 516 935 illue
528 876 709 937 deferantur.
737 875 875 936 Paratum
889 874 1039 937 invenient
1052 873 1181 935 studium
1196 893 1292 935 meum

190 963 263 1041 ipsis
283 964 471 1029 inserviendi.
511 971 539 1028 A
554 970 656 1041 Danis,
675 968 790 1042 Sueeis,
805 968 920 1039 Russis,
935 967 1068 1039 Poionis‚
1086 966 1161 1027 nihil
1181 967 1294 1027 adhuc·

191 1056 263 1115 dum
277 1059 488 1138 exemplarium
502 1069 549 1121 est
560 1062 752 1140 postulatum.
778 1062 814 1121 In
827 1060 970 1141 Angiionn
983 1060 1050 1119 misi
1064 1058 1184 1138 triginta
1195 1078 1294 1119 exenn-

191 1147 294 1227 plada,
314 1150 407 1211 dubia
428 1153 627 1231 epe,1aeidam
647 1173 763 1228 novem,
777 1152 1031 1214 Arasteiodsnnm
1052 1160 1193 1231 quotuor,
1214 1152 1294 1211 Pan*-

192 1242 252 1303 sios
265 1243 338 1303 duo.
379 1246 449 1307 Hoc
468 1265 555 1307 omne
568 1255 615 1308 est
636 1247 725 1327 hujus
739 1247 848 1328 operis,
862 1246 947 1327 quod
968 1246 1007 1307 ad
1021 1254 1139 1307 exteros
1151 1246 1294 1323 persenit,
1341 1320 1353 1327 ,

193 1337 250 1397 nisi
269 1338 294 1397 si
308 1337 382 1417 quid
402 1340 503 1400 amicis
517 1359 637 1420 peregre
651 1340 732 1402 dono
750 1341 824 1402 misi.
863 1343 930 1403 Jarn
943 1339 1025 1402 dabo
1037 1338 1159 1399 nomina
1171 1347 1232 1399 tam
1243 1358 1296 1397 eo·

193 1448 268 1502 rum,
277 1432 329 1509 qui
343 1444 596 1510 preenumerarunt
605 1436 773 1515 pecudum,
782 1435 836 1515 qui
849 1434 931 1498 inere
944 1434 1043 1514 pansi,
1054 1452 1143 1512 quara
1153 1431 1206 1512 qni
1214 1440 1295 1511 post,

194 1523 341 1585 volumine
355 1545 477 1604 quoque
492 1526 557 1604 jem
571 1527 708 1591 absoluto
716 1550 727 1601 ς
748 1528 814 1588 ilios
832 1527 910 1589 sdeo
923 1528 1015 1606 ipsos,
1030 1527 1083 1606 qui
1097 1525 1297 1586 voluminibus

193 1615 368 1679 insecuturis
381 1620 595 1693 renuntiarunt,
608 1620 690 1701 gregi
702 1620 858 1694 immiscui,
872 1620 981 1699 pudori
994 1636 1097 1681 eorum
1107 1637 1242 1698 parcens,
1257 1636 1295 1676 ne

195 1720 388 1789 quererentur
402 1733 433 1774 ee
447 1732 465 1775 e
479 1734 526 1774 me
540 1714 662 1793 publice
676 1713 761 1795 quasi
776 1722 894 1775 notetus
905 1713 1008 1775 inisse.
1049 1712 1165 1791 Singuli
1182 1711 1298 1790 singula
1403 1757 1407 1770 .

194 1803 373 1883 exempleria
386 1814 598 1887 poposcerunt,
611 1806 669 1867 nisi
683 1807 734 1868 ubi
746 1826 901 1868 numerum
913 1812 1052 1887 expresse
1065 1805 1178 1867 indico.

237 1994 383 2067 Abresoh,
398 1996 511 2057 Rector
524 1996 680 2077 Gymnasii
693 1997 847 2059 Zuoiisni.

236 2087 349 2161 Andre,
365 2088 601 2169 Goettingensis.

236 2180 383 2257 Andreae,
399 2183 536 2245 librarius
551 2183 793 2246 Franosurtsnus.

235 2276 329 2356 Bang,
344 2275 499 2357 Marbnrgi
508 2277 546 2339 V.
557 2280 597 2337 D.
612 2278 656 2338 M.

236 2368 465 2443 Bartholomaei,
480 2370 723 2431 bibliothecarius
735 2370 832 2431 Duois
843 2369 1070 2430 Weirnarieosis.

238 2462 343 2534 Bauer,
355 2462 608 2542 superintendens
619 2462 808 2525 Cathedralis
821 2462 1035 2524 Wnrsenensis

236 2549 343 2628 Bauer,
357 2555 493 2617 librarius
506 2556 754 2637 strasburgensis.

238 2649 268 2709 S.
284 2648 376 2709 Biasii
389 2648 503 2723 Abone,
512 2638 551 2711 ‘A
562 2650 599 2711 A
610 2650 636 2711 1.
651 2650 805 2729 Princeps.

238 2741 365 2822 Blessig,
380 2745 417 2803 A.
428 2744 473 2804 M.
489 2743 738 2823 strasburgensis.

238 2836 352 2909 Boden,
367 2835 521 2898 Professor
532 2836 787 2918 Wittebergensis.

238 2928 336 3007 Bohn,
350 2928 486 3001 librarius
501 2930 745 3009 Hasnburgeusis.

239 3022 401 3102 Boettiger,
416 3026 453 3083 A.
469 3024 514 3083 Μ.
529 3022 641 3085 Rector
654 3021 812 3103 Gymnasii
822 3019 1051 3094 Midihsuseni.

239 3116 387 3197 Briegieb,
403 3116 558 3177 Professor
572 3116 786 3197 Coburgensis.

127 3197 131 3208 ’
239 3209 372 3280 Brnnolr,
388 3210 477 3290 Regis
498 3209 741 3271 christianissimi
760 3207 953 3270 consiiiarius
970 3226 1067 3269 rerum
1083 3206 1254 3269 belliosrurn
1267 3214 1299 3266 et
1347 3222 1354 3286 ζ

276 3301 432 3377 fisoaiiunr,
447 3303 627 3382 Strssburgi.

239 3395 400 3475 Bissohing‚
415 3395 553 3459 ffireetor
566 3394 801 3476 Gymnasiorum
814 3392 1059 3456 lierniinsnsinm.

239 3488 400 3561 Cesarotti,
415 3489 571 3553 Professor
583 3488 753 3549 Patavinus.
1094 3500 1098 3506 ’

240 3582 349 3656 Cober,
363 3584 409 3643 M.
424 3586 462 3645 A.
477 3581 636 3663 Gymnasii
650 3580 808 3643 Budisssni
821 3581 997 3643 muetos.

240 3674 433 3754 Cuienesrnp,
445 3675 601 3738 Professor
611 3674 848 3755 Goettingensis.

240 3768 353 3843 Delius,
369 3768 467 3831 idaiae.

241 3863 352 3938 Duum,
366 3862 566 3944 Westphaius.

240 3958 376 4037 Ebeling,
392 3956 639 4037 superintenderet
654 3954 901 4035 nummum.

130 4046 143 4067 ''
240 4050 344 4123 libert,
357 4050 512 4112 Professor
525 4048 766 4112 Brunsrriuensis.
900 4044 908 4053 “

240 4142 317 4215 usk.
331 4143 413 4203 Prof-
423 4144 600 4224 Lipsiensis.

241 4234 367 4311 Emesfi,
380 4239 511 4318 (August
525 4236 673 4311 wilhelm)
686 4234 841 4295 Professor
850 4233 959 4313 usqe.
968 4234 1049 4312 lips.

242 4329 444 4436 bohmpnrg,
464 4330 602 4410 magister
619 4328 764 4408 juvenum
785 4326 929 4389 nobilium
948 4326 979 4387 in
998 4324 1143 4389 Ceroiino
1152 4325 1301 4388 lironem-

242 4442 403 4595 liuzeddsiiis,
417 4515 621 4597 Corcyrensis,
636 4511 886 4586 Archimanrkita,
898 4511 966 4573 tria.
