3050 4909
218 334 345 401 xxxviii
593 332 635 399 0.
655 313 695 398 F.
719 328 946 399 MAt'tHAEI

217 504 329 575 poetar
337 502 369 557 et
381 492 551 575 ἐξεργασίαν
560 494 665 555 Graeci
678 494 844 575 appellunt)
856 492 1000 573 persenit,
1011 490 1043 553 in
1056 510 1118 572 qua
1129 490 1224 553 omnis
1235 491 1280 553 vi's
1292 498 1326 553 et

216 601 323 652 natura
334 587 514 669 eloquentiae
530 588 676 649 consistit.
718 590 774 648 Est
787 589 816 648 io
830 587 966 648 oratione
977 593 1084 673 eontra
1097 583 1325 665 Ctesiphontem

214 684 302 760 (ibid.
316 684 340 752 l.
354 686 397 759 ἡ.)
410 691 615 761 argumentum
635 679 817 759 hujusmodi.
859 680 982 751 Omnes,
997 678 1051 757 qui
1071 679 1204 757 aliquam
1223 677 1326 757 reipu-

216 776 304 839 blieoe
316 774 509 837 Atheniensis
523 782 638 853 partem
653 773 947 845 administraverunt,
957 780 1028 833 suot
1040 770 1203 832 ὑπεύθννοι.
1230 768 1324 848 Atqui

217 871 436 932 Demosthenes
446 866 806 947 administravitaliquam
815 875 931 947 partem
942 864 1116 944 reipublice
1125 862 1324 925 Atheniensis.

216 967 297 1045 Ergo
309 973 357 1025 est
371 967 534 1033 ὑπεύθυνος.
576 962 635 1023 Hic
655 961 860 1041 copiosissime
874 959 1006 1039 explicat
1017 957 1198 1019 vocabulum
1216 974 1324 1020 omns&

216 1060 295 1120 Nam
305 1071 336 1121 et
349 1059 530 1131 sacerdotes,
542 1068 606 1119 tam
620 1058 738 1137 singuli,
749 1067 813 1117 tum
826 1055 948 1117 familiae
960 1053 1115 1126 universae,
1126 1051 1325 1132 Eumolpidae,

215 1154 357 1235 Ceryces,
369 1164 401 1215 et
414 1152 551 1234 prefecti
567 1151 727 1213 triremium
742 1158 773 1210 et
782 1147 962 1229 areopagitae
976 1155 1007 1209 et
1017 1155 1137 1207 senatus
1148 1144 1324 1225 quingento-

215 1266 292 1328 rum,
304 1256 335 1309 et
349 1247 381 1320 ii,
393 1246 446 1327 qui
461 1246 549 1307 ullam
563 1244 719 1324 pecuniam
733 1242 885 1323 publicam
899 1248 1074 1321 tractarunt,
1085 1248 1156 1301 sunt
1168 1238 1323 1299 ὑπεύθυνοι.

214 1340 449 1401 Demosthenem
463 1358 533 1399 rero
549 1336 770 1397 administrasse
783 1334 914 1413 aliquam
926 1333 1100 1411 reipublicae
1112 1340 1235 1412 partem
1252 1333 1324 1393 mox

213 1433 302 1511 (ibid.
310 1435 333 1498 i.
349 1436 384 1499 t.)
396 1431 455 1491 alio
469 1439 643 1511 argumento
657 1429 822 1490 confirmet.
850 1427 947 1507 lgitor
959 1428 1018 1488 hoc
1031 1428 1102 1488 loco
1111 1425 1220 1487 omisit.
1240 1424 1323 1485 Alibi
1370 1446 1380 1468 .

215 1532 258 1603 (κ.
272 1525 399 1607 Τιμάρχ.
412 1536 437 1605 t.
450 1520 502 1585 at.
516 1543 547 1602 p.
563 1530 613 1587 'll-
627 1522 823 1598 v.18.)cives
837 1520 1103 1601 improbosserere
1117 1540 1183 1581 esse
1198 1518 1324 1597 punien-

212 1620 283 1692 dos,
295 1620 396 1680 multis
416 1617 580 1679 rationibus
598 1625 630 1677 et
649 1616 708 1677 late
726 1615 829 1689 docet,
848 1636 868 1677 a
882 1614 1128 1695 periculo,'quod
1147 1633 1166 1674 a
1182 1613 1322 1693 judicum

119 1756 124 1767 ,
215 1712 393 1791 negligentia
416 1711 531 1791 legibus
555 1710 659 1783 oritur,
673 1708 758 1789 (ibid.
778 1722 804 1791 ς.
825 1713 869 1770 λέ.
882 1706 960 1784 init.)
973 1707 1012 1767 ab
1030 1708 1167 1788 exemplo
1181 1708 1321 1770 lacedae-

214 1806 395 1876 moniorum,
406 1804 491 1881 (ibid.
506 1815 532 1885 t.
541 1808 584 1865 ill.
599 1804 691 1879 med.)
702 1811 733 1863 et
742 1812 872 1863 veterum
884 1800 1122 1875 Atheniensium,
1130 1801 1215 1880 (ibid.
1228 1805 1253 1875 5.
1265 1802 1322 1863 λς’.

182 1936 195 1960 t
214 1898 293 1975 init.)
312 1918 336 1974 a,
352 1898 417 1976 lege
440 1897 569 1969 Solonis,
591 1896 689 1974 (ibid.)
712 1916 731 1957 a
753 1895 936 1975 singulorum
960 1894 1122 1957 securitate
1145 1895 1320 1968 domestica,

213 1990 300 2067 (ibid.
314 2002 341 2070 t.
354 1992 408 2062 λζ.
425 1990 502 2067 init.)
515 2010 534 2051 a
547 1989 732 2069 turpitudine
747 1988 897 2067 judicum,
910 1986 1012 2065 (ibid.)
1025 2008 1045 2049 a
1057 1988 1231 2067 reipublicae
1245 1989 1322 2069 peri-

214 2082 292 2157 culo,
304 2082 404 2161 (ibid)
416 2103 434 2143 a
447 2076 626 2144 detrimento
640 2081 808 2161 disciplinae
822 2082 964 2163 publicae,
975 2081 1061 2158 (ibid.
1080 2092 1106 2161 t.
1119 2086 1167 2153 Ab.
1180 2083 1259 2160 init.)
1291 2085 1321 2143 A

214 2177 337 2239 crimine
361 2176 538 2255 proditionis
551 2179 601 2257 (r.
620 2175 814 2258 Παρατρεσβ.
837 2188 865 2257 t.
887 2174 961 2255 με’.)
980 2196 1012 2236 se
1033 2176 1179 2248 defendit,
1200 2176 1322 2238 demon·

214 2269 334 2331 suenda
347 2269 505 2331 atrocitate
520 2268 671 2339 facinoris,
682 2269 865 2331 recensenda
876 2268 989 2331 familia
1001 2288 1065 2344 sua,
1077 2279 1213 2350 parente,
1227 2270 1322 2347 majo·

179 2396 183 2401 ·
213 2364 305 2437 ribus,
320 2374 424 2434 matre,
440 2362 590 2437 fratribus,
606 2362 753 2437 affinibus,
768 2364 908 2444 conjuge,
923 2363 1036 2438 liberis,
1059 2382 1138 2441 quos
1159 2362 1192 2423 in
1214 2364 1322 2427 Mace.

187 2447 188 2455 ἵ
213 2457 332 2525 doniam
353 2458 466 2532 abiens,
481 2458 600 2519 obsides
619 2456 691 2519 lidei
713 2476 775 2529 suae
790 2457 820 2518 in
842 2458 1056 2539 rempublicam
1075 2456 1243 2536 reliquerat.
1283 2458 1321 2519 lo

183 2550 187 2559 ’
213 2549 378 2615 refutandis
400 2551 635 2615 adversariorum
655 2552 836 2631 argumentis
858 2570 940 2631 saepe
957 2552 1046 2613 etiam
1063 2571 1101 2612 eo
1113 2570 1222 2631 genere
1234 2570 1321 2633 argu·

212 2652 379 2705 mentorum
391 2644 496 2722 utitur,
510 2641 594 2722 quod
608 2641 742 2703 rhetores
756 2642 911 2722 appellant
924 2640 1035 2718 βίαιον,
1051 2644 1077 2704 si
1090 2663 1129 2703 ex
1149 2644 1196 2717 iis,
1209 2644 1322 2724 quibus

212 2737 395 2799 sdversarius
415 2737 527 2810 nititur,
542 2734 694 2797 contraria
709 2736 897 2815 colliguntur,
911 2736 993 2815 quod
1007 2756 1062 2797 sua
1074 2745 1184 2804 namra
1199 2736 1238 2798 ad
1252 2756 1324 2817 per.

213 2830 396 2891 suadendum
404 2829 463 2890 vim
476 2829 568 2891 babet
578 2827 743 2891 maximam.
771 2828 898 2890 Dixerat
907 2829 1135 2903 Demosthenes,
1146 2832 1185 2908 (e.
1195 2830 1320 2912 Κτησῳ.

212 2930 237 3001 ς.
251 2924 321 3005 pb'.)
334 2944 388 2985 suo
402 2943 492 2991 suasu
504 2922 663 2984 'l'hebanos
676 2942 743 2983 cum
758 2922 993 2984 Atheniensibus
1007 2922 1114 2985 fecisse
1133 2922 1319 2990 societatem.

211 3018 294 3090 Hoc,
307 3036 368 3097 quo
380 3017 506 3079 maxime
520 3015 634 3078 fidebat
646 3016 843 3090 adversarius,
856 3036 918 3080 non
932 3017 1027 3077 solum
1041 3026 1140 3096 negat,
1155 3024 1187 3078 et
1198 3018 1320 3080 Theba·

211 3129 267 3173 nos
289 3110 387 3171 iniisse
408 3111 581 3171 societatem
601 3130 672 3173 cum
685 3109 919 3177 Atheniensibus
937 3117 1061 3171 coactos
1078 3117 1226 3192 tempore,
1239 3112 1318 3191 peri·

208 3205 279 3267 culo
291 3214 323 3266 et
336 3205 442 3267 timore
456 3204 557 3277 docet,
572 3202 625 3265 sed
645 3214 677 3265 et
699 3203 795 3265 tribus
815 3204 913 3265 modis
926 3202 979 3264 illo
992 3212 1127 3283 tempore
1141 3204 1319 3267 Demosthe·

209 3318 280 3361 nem
299 3296 471 3379 reipublicoe
489 3297 628 3359 damnum
647 3296 782 3358 attulisse
794 3296 990 3358 demonstrat.
1029 3296 1145 3367 Quinta
1165 3298 1259 3360 virtus
1271 3308 1319 3361 est

81 3448 91 3467 ,
208 3385 357 3473 explicata
370 3401 543 3472 argumenta
557 3390 757 3452 concludendi
771 3389 963 3452 subtilitaset
976 3389 1112 3453 saraam.
1153 3392 1319 3472 Argumen-

209 3494 284 3559 tum,
304 3505 366 3567 quo
383 3486 494 3547 crimen
517 3484 695 3564 proditionis
710 3484 850 3556 diluerat,
865 3484 1015 3563 eleganter
1031 3483 1178 3545 conclusit
1196 3485 1256 3548 sic:
1274 3490 1317 3563 (τ.
1364 3536 1370 3545 .

80 3652 85 3657 ¹
208 3576 404 3660 Παραπρεσβ.
419 3579 443 3653 l.
461 3582 525 3661 μή.)
537 3578 628 3653 ἐρωτῶ
642 3581 709 3658 γὰρ,
726 3573 924 3651 ὦἈθτναῖοι,
938 3582 964 3637 el
978 3576 1049 3638 dorsi
1069 3578 1109 3640 hv
1121 3580 1189 3660 ὑμῖν
1201 3580 1319 3659 spheri

209 3672 322 3755 πατρίδι
335 3676 381 3733 acl
398 3678 432 3747 τῇ
452 3682 509 3733 τῶν
523 3674 615 3755 φίλων
630 3676 766 3753 σννηθείᾳ
779 3674 825 3733 tal
840 3672 981 3752 ἱερῶνκαὶ
993 3674 1091 3753 τάφων
1103 3673 1240 3754 τατρᾴυν
1251 3699 1319 3754 per·

208 3766 306 3847 accip,
320 3771 435 3833 τούτους
455 3767 521 3833 roric
539 3766 655 3827 πάντων
675 3767 832 3847 ἀνθρώπων
851 3765 913 3845 ἐμοὶ
931 3767 1084 3854 φιλτάτονς
1102 3765 1256 3847 προδοῦναι
1272 3768 1319 3829 ta·

208 3863 315 3940 λίττφ,
334 3862 382 3919 καὶ
404 3861 468 3938 rrepl
487 3861 689 3930 rhetoricaris
713 3858 826 3919 ἐκείνων
850 3861 952 3939 φιλίαν
975 3870 1026 3931 τῆς
1047 3860 1153 3921 τούτων
1176 3867 1317 3939 σωτηρίας

209 3956 399 4027 sarsenatae
410 3958 480 4030 ποίᾳ
488 3955 634 4032 κρατηθεὶς
645 3951 730 4030 ἡδονῇ
742 3974 751 4023 3
762 3950 781 4024 ἢ
794 3954 943 4013 rt'adrrrore
956 3952 1092 4035 ἄσχημον
1103 3954 1187 4015 ἕνεκα
1200 3955 1317 4035 χρημά-

209 4072 266 4107 των
278 4048 386 4127 πράξας
392 4066 401 4115 ;
424 4046 483 4105 Hic
497 4044 607 4117 omnia,
618 4064 685 4123 quc
701 4055 787 4105 antea
807 4044 866 4105 late
881 4053 1068 4120 tractaverat,
1082 4046 1249 4127 conjungit,
1265 4066 1319 4126 pa·

208 4138 305 4210 triam,
326 4138 446 4208 amicos,
460 4156 556 4216 saon,
570 4137 705 4216 sepulcra
718 4137 876 4216 majorum,
890 4146 1056 4217 parentem,
1068 4138 1318 4219 liberos,·cor(iu·

206 4252 286 4313 gem,
296 4230 411 4303 hanes,
427 4228 578 4291 carissima
592 4230 712 4291 nomina
725 4230 866 4310 appellet,
879 4239 922 4303 et,
942 4238 977 4292 ut
988 4232 1140 4295 auditores
1156 4233 1215 4294 rim
1228 4253 1317 4315 argu·

205 4322 448 4395 mentisentiant,
463 4320 564 4385 efficit.
605 4322 673 4383 Nec
688 4322 746 4384 boc
757 4323 785 4403 ei
798 4322 979 4396 sufficitsed
991 4343 1102 4387 norum
1114 4326 1208 4387 rchur
1219 4326 1316 4403 addit,

208 4420 266 4481 hoc
285 4415 514 4497 epiphonemate
534 4414 746 4497 adjungendo:
766 4419 801 4477 od
817 4418 905 4497 γὰρὴ
919 4414 1088 4479 Μακεδονία
1099 4416 1202 4489 sassie
1215 4422 1317 4501 ἢχρη-

209 4509 292 4581 orode
310 4516 393 4585 rossi,
406 4512 474 4572 atel·
493 4514 511 4585 r)
529 4514 627 4593 φύσις,
638 4508 696 4573 οὐδ’
718 4510 809 4593 topia
829 4509 917 4589 {root
936 4535 1022 4586 rasse,
1044 4517 1158 4587 ἥκοντες
1182 4514 1242 4575 dard
1264 4528 1316 4590 rite
