3050 4909
194 321 229 385 xl
575 316 616 383 G.
639 316 676 383 F.
700 312 932 384 MA'I'I'HAEI

193 477 238 543 vir
261 477 404 539 honestus
428 474 569 557 idemque
592 484 694 541 orator
719 477 750 537 in
778 475 896 556 spendo
917 475 1111 557 dicendoque
1133 472 1222 539 facilc
1242 474 1309 539 eins

125 632 130 642 ,
193 572 294 636 studio
314 581 347 633 et
364 580 430 635 arte
450 571 606 634 iudicabit.
648 568 743 651 igitur
761 582 794 633 et
806 572 972 643 AEscbioes,
992 590 1053 632 nou
1075 571 1216 652 prolecto
1230 569 1310 643 talu,

193 668 312 747 qualem
323 666 544 729 Demosthenes
556 665 740 747 adversarius
751 667 818 745 ejus
831 675 863 726 et
873 665 1176 745 oemulnsdescripsit,
1191 665 1307 743 ubique

193 758 435 834 lucrationibus,
449 779 481 821 se
495 780 560 821 esso
573 759 668 821 airum
683 760 843 823 honestum
855 769 888 821 et
898 760 994 819 civem
1009 760 1133 831 bouum,
1143 758 1311 821 luculenter

194 853 420 914 demonstravit.
462 848 500 913 ln
516 872 569 914 sua
583 853 673 914 laude
687 854 852 926 modestus,
866 857 903 928 (e.
916 851 1049 936 Τιμάρχ.
1063 862 1089 932 5.
1103 855 1143 913 κέ.
1160 876 1193 912 π.
1207 850 1312 931 liupo·

195 944 299 1028 πρεσβ.
313 963 337 1027 5.
352 946 397 1016 «C.
412 944 477 1022 tiu.)
491 946 521 1005 in
535 946 658 1006 aliorum
672 945 843 1006 calamitate
856 945 1012 1016 humanus,
1027 947 1066 1025 (a.
1079 944 1205 1025 Κτησιφ.
1218 954 1244 1023 5.
1258 943 1310 1004 ed.

195 1064 220 1101 κ.
233 1039 364 1121 Τιμάρχ.
381 1050 408 1119 5.
425 1037 494 1115 ιβ’.)
513 1039 543 1099 in
567 1038 821 1120 reprehendendis
841 1037 960 1116 flagitiis
981 1034 1066 1097 fortis
1087 1046 1120 1098 et
1142 1035 1311 1118 inimicitia-

195 1152 260 1193 rum
282 1140 463 1211 contemtor,
477 1136 514 1209 (a.
529 1130 660 1213 Τιμάρχ.
679 1141 705 1209 5.
727 1130 778 1189 λά.
800 1130 879 1190 med.
901 1154 935 1191 e.
956 1128 1147 1211 llupnaepestl
1165 1138 1194 1207 5.
1214 1128 1265 1190 κδ’.
1279 1148 1312 1208 p.

194 1226 272 1303 init.)
293 1226 323 1286 in
346 1225 519 1286 enarrandis
540 1223 628 1285 factis
646 1222 834 1303 turpioribus
858 1221 998 1303 pudicus,
1020 1228 1059 1299 (e.
1075 1224 1210 1312 Τιμάρχ.
1223 1223 1247 1286 i.
1261 1221 1312 1299 ιβ.

195 1318 260 1381 init.
272 1317 337 1395 fin.)
348 1322 379 1379 in
389 1317 559 1379 accusando
568 1316 654 1390 lenis,
667 1317 698 1377 in
711 1314 866 1377 suadendo
876 1315 973 1394 gravis
983 1325 1016 1376 et
1026 1318 1178 1388 honestus,
1189 1314 1276 1395 (ibid.
1285 1321 1312 1389 5.

196 1418 234 1475 el.
246 1422 316 1492 post
330 1413 422 1489 med.)
432 1432 503 1491 erga
512 1410 664 1471 inferiores
675 1409 845 1490 popularis,
854 1410 939 1487 (ibid.
951 1411 1021 1483 Μ’.
1030 1409 1109 1486 init.)
1121 1411 1152 1469 iu
1163 1408 1313 1489 castigan-

57 1530 60 1541 .
195 1506 243 1566 dis
257 1504 373 1566 civibus
387 1504 531 1583 improbis
545 1503 650 1583 patrioe
664 1520 777 1575 amans,
790 1501 877 1579 (ibid.
890 1515 914 1585 5.
934 1503 988 1564 λα’.
999 1500 1065 1580 fin.)
1075 1502 1107 1563 in
1120 1500 1313 1564 defendenda

195 1598 333 1659 libertate
346 1595 520 1676 reipublicae
535 1604 741 1676 propugustor
755 1603 893 1659 strenuus
906 1603 938 1655 et
950 1614 1030 1658 aser.
1061 1596 1207 1673 linguam
1220 1595 1312 1675 igitur

197 1690 228 1763 in
249 1690 362 1751 animm
383 1688 569 1751 audientium
586 1690 653 1769 ejus
674 1689 823 1751 orationes
848 1688 985 1750 habuisse
1005 1690 1066 1751 rim
1085 1688 1231 1751 credibile
1252 1698 1311 1751 est.

197 1782 257 1844 Sed
271 1782 310 1845 ad
325 1780 564 1863 persuadendum
579 1801 639 1842 uon
654 1780 774 1856 sufficit,
786 1782 813 1843 si
823 1782 975 1843 auditores
988 1783 1118 1861 aliquam
1132 1781 1171 1843 de
1182 1781 1310 1843 dicentis

197 1876 331 1939 moribus
346 1876 477 1937 babeant
489 1875 670 1955 opinionem.
710 1876 790 1937 Nam
808 1884 840 1936 et
859 1876 890 1950 ii,
911 1876 964 1956 qui
985 1876 1120 1949 audiunt,
1134 1876 1251 1955 aliquas
1265 1895 1312 1937 se·

197 1989 266 2033 oum
284 1970 411 2032 afferunt
425 1970 580 2050 opiniones
599 1978 631 2032 et
644 1968 801 2045 deuitasse,
813 1969 852 2031 ad
873 1989 950 2049 quas
968 1978 1071 2032 erutor
1092 1991 1125 2030 se
1142 1988 1311 2032 accommo-

197 2066 270 2128 dare
290 2066 390 2127 debet.
432 2066 508 2137 llas,
523 2064 596 2144 quia
618 2073 745 2145 propter
765 2064 1073 2141 comtendentium,
1088 2063 1198 2137 studia,
1211 2064 1313 2143 reipu-

198 2160 288 2223 blioae
302 2158 426 2220 formum
440 2168 472 2220 et
484 2157 688 2236 aliaejusdem
702 2157 818 2237 generis
832 2159 956 2233 mriaut,
970 2178 1031 2219 non
1044 2158 1144 2221 solum
1157 2166 1259 2218 orator
1265 2157 1314 2217 di-

144 2306 153 2313 .
199 2253 325 2334 ligentur
339 2252 475 2333 cognitas
498 2252 620 2325 bebere,
635 2270 736 2312 verum
758 2251 847 2312 etiam
866 2250 905 2313 iis
919 2252 1083 2333 prudenter
1095 2252 1132 2313 ad
1154 2252 1313 2313 utilitatem

199 2366 283 2409 suam
296 2347 353 2421 uti,
367 2366 479 2427 eosque
492 2346 548 2407 sibi
563 2345 727 2406 contrarias
742 2354 858 2407 mutate
871 2354 905 2407 et
917 2346 1080 2407 conciliare
1094 2345 1214 2407 debet·
1237 2345 1314 2407 lude

100 2434 116 2465 '
198 2440 383 2514 factumest,
398 2440 602 2503 utAEscbines
621 2440 699 2500 iuter
711 2439 918 2513 Athenienses,
938 2439 992 2519 qui
1011 2438 1159 2516 majorum
1181 2438 1314 2500 auctori·

200 2542 301 2607 tatern,
320 2532 500 2605 libertatem,
519 2532 644 2611 legeret
664 2532 779 2593 litteras
792 2552 903 2612 magno
921 2532 1081 2593 inhonore
1100 2532 1264 2605 habebant,
1278 2550 1316 2593 ea

199 2626 367 2688 auditorum
391 2624 533 2704 opinione
553 2624 584 2685 in
603 2644 666 2685 reru
691 2644 776 2685 snam
797 2625 912 2686 utiliter
933 2634 1077 2686 uteretur.
1118 2626 1210 2704 Saepe
1234 2625 1314 2687 euin

198 2739 252 2780 eos
271 2716 428 2780 laudandis
449 2718 595 2801 majorum
617 2716 707 2779 factis
727 2718 765 2779 ad
791 2718 930 2779 virtutem
949 2721 1071 2793 excitat,
1091 2719 1261 2781 libertatem
1280 2728 1314 2781 et

199 2814 281 2892 leges
295 2814 325 2872 iu
336 2811 475 2891 judicum
490 2812 669 2892 negligentia
678 2811 841 2890 periclitari
856 2811 956 2885 docet,
972 2821 1128 2892 poetarum
1141 2814 1210 2874 loca
1221 2814 1252 2874 in
1267 2833 1315 2874 re·

200 2905 425 2988 prehensionem
442 2903 680 2966 adversariorum
703 2903 837 2969 adhibet
877 2906 1023 2978 Juvenes,
1038 2906 1090 2985 qui
1110 2907 1245 2986 aderant,
1258 2906 1315 2966 bo·
1437 2929 1441 2935 ·

198 2999 323 3061 nestatis
336 2997 436 3060 reddit
455 2998 615 3071 studiosos,
631 3005 662 3057 et
676 3006 845 3076 pareutum,
861 2998 914 3076 qui
930 2998 1056 3060 libenter
1070 2998 1141 3059 talia
1158 3007 1315 3079 prmcepta

200 3093 337 3166 audiunt,
358 3091 502 3171 (quilibet
515 3092 594 3153 enim
614 3090 723 3152 liberos
744 3109 815 3151 suos
833 3091 899 3152 vult
918 3112 985 3152 esse
1004 3091 1246 3172 probatissimos)
1259 3092 1316 3154 sibi

200 3193 356 3268 comparat
370 3184 511 3247 favorem.
554 3184 798 3247 Benevolentiarn
819 3204 891 3265 erga
903 3184 1139 3249 Demosthenen
1152 3196 1184 3248 et
1197 3186 1316 3267 opinio-

200 3302 269 3345 nem
282 3280 321 3343 de
342 3280 511 3353 Timarcho,
527 3278 645 3341 bonine
663 3297 725 3339 nou
740 3278 875 3359 ignobili,
888 3279 998 3343 callide
1017 3278 1159 3353 infime,
1173 3280 1317 3343 violenter

196 3374 352 3455 judicibus
365 3381 536 3454 extorquet,
553 3390 667 3453 eosque
677 3371 718 3435 ad
727 3370 803 3433 iram
816 3379 850 3433 et
861 3372 1004 3436 iuvidiam
1016 3371 1162 3437 sollicitat
1179 3381 1212 3433 et
1224 3373 1316 3439 acub.

202 3471 342 3553 Denique
352 3490 450 3533 mores
463 3490 576 3543 eornm,
585 3470 625 3531 de
636 3470 749 3551 quibus
764 3468 885 3543 dicitur,
896 3470 938 3531 ita
949 3488 1067 3550 semper
1078 3480 1148 3532 suut
1158 3470 1316 3545 tornandi.

203 3572 236 3627 ut
249 3585 316 3626 oum
335 3584 438 3628 eorum
457 3564 548 3627 fectis
562 3565 760 3641 consentiant,
774 3564 1017 3645 probabilitatem
1034 3564 1194 3646 adjurent,
1207 3575 1239 3627 et
1250 3585 1318 3629 ora·

201 3659 314 3722 tionem
332 3669 478 3723 moratam
496 3659 646 3721 reddenti
666 3661 732 3722 lam
746 3678 819 3721 vero
831 3658 992 3739 diligenter
1010 3660 1237 3741 pauperiribus
1249 3680 1318 3723 ora·

202 3740 424 3829 tiones'omues,
438 3754 606 3835 apparebit,
619 3752 795 3815 AEscbineur
808 3754 839 3813 in
850 3752 1056 3816 describendis
1067 3763 1101 3815 et
1112 3753 1252 3815 notandis
1262 3754 1318 3817 lto-

202 3848 316 3909 miunm
329 3847 461 3909 moribus
470 3847 576 3909 mirum
587 3866 653 3909 esse
666 3846 824 3922 milicem,
834 3856 866 3907 et
875 3846 1023 3909 factorum
1032 3846 1186 3927 animique
1194 3848 1318 3911 uuest

199 3942 337 4024 judicem
352 3941 567 4005 acutissimum.
605 3940 724 4004 Nullius
737 3942 820 4003 euius
833 3941 960 4004 leoninis
973 3940 1046 4004 lecit
1056 3941 1251 4017 mentiones,
1264 3962 1319 4005 en·

162 4078 172 4087 -
198 4036 253 4115 jus
275 4035 406 4097 indolem
429 4044 461 4098 et
483 4054 580 4099 mores
602 4054 664 4097 nou
684 4036 774 4097 simul
792 4034 1011 4115 verosimiliter,
1030 4033 1120 4097 lautis
1142 4034 1320 4115 planasque

204 4130 484 4207 commemorandis,
498 4148 558 4191 uon
579 4130 668 4192 meris
681 4129 794 4204 verbis,
813 4127 1002 4211 expresserit.
1043 4128 1164 4190 Omitto
1184 4128 1251 4191 itus
1264 4128 1320 4191 lro·

204 4232 306 4286 nestos
315 4223 568 4297 rirosfflolouem,
583 4224 766 4296 Miltiadem,
779 4223 1023 4302 Themistoclem,
1033 4222 1208 4295 Aristiden,
1217 4240 1319 4285 neuen

205 4318 287 4379 illum
304 4316 574 4393 Lacedaemonium,
593 4327 627 4379 et
646 4328 811 4399 parentem,
825 4336 898 4397 erga
910 4315 980 4378 filie
999 4316 1219 4397 inpudicitiam
1239 4334 1322 4377 aere·

7 4448 8 4471 1
205 4432 281 4486 rum,
295 4410 402 4471 omitto
415 4428 512 4472 morea
533 4412 755 4486 Demosthenis,
768 4410 933 4486 'limerebi
955 4408 1152 4491 flegetundri,
1161 4406 1318 4483 turstani,

7 4476 86 4883 L
207 4502 355 4585 blisgole,
369 4504 556 4585 inperatoria
576 4506 654 4569 illius
666 4504 866 4585 aliorumque,
886 4525 964 4585 quoa
979 4507 1046 4585 jan
1057 4514 1130 4567 aete
1142 4502 1318 4575 memorari,
