3050 4909
233 316 301 383 xxii
611 314 650 380 C.
674 312 711 379 F.
736 310 959 379 MA‘l'l'HAEl

230 478 432 541 dolentism'in
444 477 529 538 obitu
545 474 614 537 filiae
630 476 777 539 criminari
784 485 817 537 et
825 496 933 555 angere
941 474 1015 546 rnlt,
1024 492 1083 533 non
1095 470 1168 533 dicit
1179 488 1246 533 eum
1259 470 1333 531 anri·

230 576 304 636 sisse
319 573 418 645 fillum,
434 573 484 633 sed
505 577 558 644 τὴν
575 575 666 651 μόνην
688 574 734 631 καὶ
753 574 864 650 πρώτην
884 571 970 631 nbrdr
989 571 1098 647 πατέρα
1115 572 1333 647 προειποῦσαν.

229 672 266 742 (κ.
281 668 406 748 Κτησιφ.
421 668 445 735 i.
460 664 525 738 rii.)
556 666 600 725 Ex
615 664 772 740 innumeris
786 664 928 742 exemplis
941 681 1038 741 pnuca
1050 661 1149 740 posui.
1180 662 1240 721 Res
1253 661 1332 721 enim

231 759 269 819 ad
281 758 504 837 intelligendum
517 756 622 828 facilis,
637 766 667 817 et
681 757 723 817 ita
736 757 824 836 copie
835 756 955 817 dicendi
965 755 1121 815 AEschines
1131 754 1219 826 vslet,
1230 759 1262 812 ut
1276 751 1332 811 bac

232 851 353 930 quidem
368 851 474 911 virtute
487 850 618 929 reliquos
632 870 733 911 omnes
747 868 887 929 supcrsre
901 850 1046 910 rideatur.
1085 847 1177 907 Nunc
1187 853 1290 916 restat,
1299 852 1334 903 ut

232 945 270 1006 de
282 962 379 1005 rerum
391 944 479 1023 copia
493 943 601 1017 dicam,
613 962 680 1022 quse
696 943 823 1003 existite
838 942 962 1021 copiose
970 948 1210 1018 argumentorum
1223 946 1334 999 tracta·

232 1038 323 1107 tione,
334 1035 552 1097 similitudinum
564 1046 595 1096 et
608 1036 810 1115 exemplorum
823 1034 1022 1105 multitudine,
1032 1033 1106 1094 locis
1116 1032 1332 1103 communibus,

231 1129 461 1207 digressionibus
474 1138 505 1189 et
518 1128 697 1209 interpositis
711 1126 875 1187 sententiis.
902 1128 949 1186 De
963 1126 1019 1185 illis
1033 1125 1181 1203 prioribus
1195 1124 1334 1184 admonui

232 1221 318 1293 infra,
334 1222 373 1283 de
394 1220 516 1281 infinitis
539 1240 609 1281 vero
633 1219 858 1297 quaestiouibus,
876 1217 1108 1297 digressionibus
1128 1227 1159 1277 et
1181 1217 1334 1277 sententiis

232 1334 311 1375 nunc
325 1332 479 1393 exponam.

682 1490 811 1557 SEGT.
836 1491 881 1556 V.

368 1638 418 1699 De
433 1636 505 1698 locis
519 1637 726 1712 communibus,
742 1638 980 1719 digressionibus
992 1644 1021 1697 et
1035 1639 1198 1698 sententiis.

272 1780 315 1841 Ut
327 1780 359 1859 ii,
373 1781 424 1857 qui
443 1780 499 1840 iter
512 1777 635 1851 faciunt,
651 1779 800 1841 interdum
821 1780 959 1840 incidunt
980 1779 1011 1839 in
1027 1780 1094 1839 loca
1108 1778 1148 1839 ob
1162 1777 1229 1839 ooeli
1240 1778 1332 1841 inole-

231 1876 370 1936 mentiam
385 1873 470 1944 durs,
487 1874 561 1935 aeris
582 1873 724 1951 gravitate
746 1874 844 1943 noxia,
859 1872 1022 1933 incolarum
1044 1870 1179 1931 barbaris
1199 1871 1332 1933 moribus

229 1968 291 2029 l'era
309 1976 341 2027 et
363 1967 495 2041 molesta,
516 1966 644 2044 ideoque
659 1966 757 2027 subito
776 1987 811 2028 ea
828 1967 1011 2043 relinquunt,
1026 1964 1173 2025 interdum
1190 1964 1280 2025 iidem
1301 1966 1332 2031 iu

228 2060 302 2121 locis
315 2059 534 2130 amoenioribus,
549 2059 627 2119 inter
641 2059 775 2119 homines
788 2058 959 2119 commodos
977 2066 1009 2119 et
1026 2077 1129 2119 suaves
1142 2059 1332 2138 moribusque

228 2153 337 2233 politos
347 2154 473 2213 libenter
487 2162 518 2213 et
532 2153 645 2213 utiliter
659 2160 819 2223 morantur,
833 2150 893 2211 huc
908 2150 977 2210 illuc
990 2151 1184 2213 attentionem
1192 2152 1332 2233 dirigunt,

228 2244 441 2327 digrediuntur,
455 2246 587 2305 locorum
603 2244 676 2305 situs
690 2252 885 2323 cognoscunt,
906 2243 1022 2304 urbium
1036 2242 1165 2304 aedilicia
1178 2245 1331 2320 mirantur,

225 2338 427 2417 potentiorum
448 2337 577 2398 favorem
593 2346 742 2416 quaerunt,
763 2336 908 2399 amicitias
927 2336 1124 2397 contrahunt:
1139 2337 1183 2397 ita
1201 2348 1332 2401 oratores

226 2449 438 2509 nonnunquam
453 2430 484 2490 in
498 2430 573 2491 locis
588 2430 768 2507 quibusdam
779 2450 839 2490 non
855 2430 950 2490 minus
964 2429 1086 2501 utiliter,
1101 2448 1190 2509 qnsm
1201 2431 1331 2494 libenter

225 2522 337 2583 diutius
352 2531 511 2585 versantur.
553 2522 622 2593 Sed,
644 2532 677 2583 rrt
691 2544 747 2583 neo
766 2524 786 2582 ii
804 2524 870 2596 iter,
891 2524 1057 2601 praesertim
1077 2524 1209 2602 longum,
1229 2534 1330 2586 essent

226 2614 401 2686 coniecturi,
425 2614 477 2692 qui
498 2614 611 2690 ubique
632 2612 791 2673 subsistere
805 2616 924 2685 vellent,
939 2634 996 2675 nec
1016 2633 1151 2694 magnam
1172 2617 1328 2679 utilitatem

227 2728 263 2767 ex
287 2707 518 2768 commoratione
538 2714 638 2767 essent
658 2707 841 2785 percepturi,
859 2706 884 2766 si
905 2707 988 2780 nibil,
1009 2706 1067 2767 nisi
1081 2709 1233 2770 oculorum
1249 2711 1330 2773 volu-

226 2808 340 2879 ptatem
350 2807 533 2879 quaererent;
546 2799 588 2857 ita
601 2818 657 2859 nec
670 2808 817 2860 oratorem
831 2800 919 2861 decet
933 2810 993 2861 tam
1006 2800 1206 2880 importunum
1219 2813 1250 2863 et
1263 2824 1329 2865 mo·

226 2894 331 2953 lestnm
353 2913 428 2966 esse,
450 2900 483 2951 ut
505 2910 656 2970 nunquam
678 2890 823 2964 discedat,
838 2912 893 2953 nec
907 2893 1052 2972 voluptati
1073 2895 1189 2955 aurium
1208 2913 1329 2973 persua·

225 2986 337 3045 sionem
351 2994 382 3045 et
395 2985 546 3047 victoriam
562 2993 752 3064 postponere.
782 2986 859 3055 Quae
873 3005 942 3046 vero
957 2996 1026 3048 sunt
1035 3006 1072 3047 ea
1085 2989 1162 3059 loce,
1176 2989 1327 3066 inquibus

225 3089 372 3140 oratorem
386 3078 492 3139 morari
505 3085 558 3139 aut
570 3078 686 3157 digredi
701 3078 862 3139 convenit?
882 3080 926 3140 En
940 3081 1087 3152 nimirum,
1096 3081 1126 3140 in
1136 3082 1245 3159 quibus
1257 3103 1327 3145 oum

225 3192 323 3234 cansae
339 3173 466 3233 untirste
479 3180 511 3233 et
521 3171 720 3233 delectatione
731 3173 899 3233 auditorum
913 3193 932 3234 a
944 3194 976 3235 re
989 3171 1153 3253 proposita,
1163 3194 1182 3235 a
1191 3176 1327 3253 pemonis

225 3278 256 3329 ct
269 3268 356 3329 iactis
375 3267 494 3346 singulis
515 3266 553 3327 ad
576 3266 772 3346 quaestionem
793 3266 947 3340 infinitam,
960 3267 999 3327 ab
1014 3268 1132 3329 bomine
1145 3268 1283 3329 modesto
1296 3279 1328 3331 et

225 3362 294 3421 t‘orti
308 3380 430 3422 avocare
444 3368 543 3439 potest
556 3360 720 3419 orationem
734 3360 772 3420 ad
787 3360 903 3421 laudem
918 3370 950 3421 et
969 3369 1103 3421 naturam
1123 3360 1276 3423 modestiae
1295 3372 1328 3423 et

225 3454 416 3516 fortitudinis.
457 3452 493 3513 ld
515 3452 675 3513 AEscbiues
699 3452 729 3513 in
753 3454 892 3514 omnibus
915 3452 1100 3513 orationibus
1123 3452 1166 3513 ita
1189 3453 1272 3527 fecit,
1293 3464 1327 3516 nt

224 3547 322 3625 copia,
343 3549 496 3621 varietate,
519 3546 656 3619 utilitate,
673 3546 817 3607 suavitate
836 3556 868 3606 et
883 3555 988 3606 ornatu
1009 3546 1240 3609 clarissimorum
1259 3568 1326 3609 ora·

225 3650 323 3701 torum
337 3640 438 3701 laudes
453 3639 631 3700 labefactare
645 3639 792 3701 videatur.
825 3640 958 3701 Omnino
972 3639 1051 3699 enirn
1065 3639 1114 3699 bic
1128 3649 1229 3700 oratos
1238 3642 1326 3721 copie

225 3744 256 3797 ct
268 3734 451 3796 abundantia
464 3743 495 3795 et
507 3733 699 3811 amplitudine
715 3734 857 3794 cretionis
870 3733 947 3795 inter
961 3754 1063 3795 omnes
1083 3734 1181 3795 clarus
1193 3744 1226 3795 et
1239 3744 1325 3795 nota-

225 3829 291 3891 bilis
311 3830 412 3890 haberi
430 3828 530 3889 debet.
572 3827 607 3887 ln
621 3827 698 3887 banc
712 3844 773 3887 rern
787 3826 901 3887 laudari
913 3837 1037 3906 possunt
1049 3828 1118 3888 loca
1130 3826 1168 3887 de
1179 3827 1324 3905 majorum

225 3925 255 3984 in
272 3922 436 3985 tribuendis
453 3918 623 3982 muneribus
644 3918 771 3997 publicis
785 3918 964 3999 irrigalitnte,
978 3924 1015 4000 (r.
1028 3921 1152 4001 Κτησιφ.
1166 3930 1191 3997 t.
1204 3920 1272 3996 rifi(
1284 3921 1325 3982 de

224 4017 383 4079 eorundem
399 4016 553 4077 severitate
567 4011 598 4071 in
608 4013 781 4091 judicandis
794 4023 920 4095 γραφαῖς
932 4016 1119 4094 παρανόμων,
1130 4012 1219 4090 (ibid.
1228 4015 1252 4078 i.
1265 4014 1327 4091 ξδ’.)

224 4111 264 4171 de
284 4111 402 4173 bomine
420 4108 567 4189 populari,
581 4108 667 4183 (ibid.
682 4120 707 4189 ς.
721 4106 785 4182 vd.)
797 4107 835 4169 de
856 4108 995 4186 utilitate,
1015 4126 1104 4186 qnsru
1116 4105 1242 4185 juvenes
1256 4126 1325 4187 per·

224 4204 339 4284 cipiunt
358 4224 374 4263 e
394 4202 518 4281 judiciis
531 4201 667 4280 publicis,
682 4200 767 4281 (ibid.
780 4208 805 4276 ς.
818 4204 882 4279 cd.)
894 4200 933 4261 de
947 4200 1116 4263 bominibus
1128 4200 1271 4279 improbis
1292 4200 1323 4263 io

224 4296 379 4377 republica
393 4314 452 4357 non
464 4293 603 4368 serendis,
613 4292 699 4371 (ibid.
711 4295 734 4364 i.
748 4296 810 4374 py'.
825 4294 889 4369 fin.)
901 4294 940 4355 de
954 4293 1102 4355 modestis
1111 4302 1242 4357 veterum
1254 4313 1322 4358 ors·

224 4402 332 4461 toruus,
343 4392 379 4468 (κ.
393 4386 523 4469 Τιμάρχ.
535 4399 558 4468 t.
573 4387 606 4449 ς’.
618 4385 754 4463 med.)de
765 4387 851 4449 famae
861 4385 900 4461 ri,
912 4385 998 4463 (ibid.
1008 4398 1033 4467 5.
1042 4388 1091 4457 κζ’.
1104 4385 1195 4464 med.)
1203 4386 1322 4449 decon-

225 4480 380 4545 suetudine
401 4480 555 4545 Harmodii
576 4490 607 4545 et
620 4479 842 4558 Aristogitonis,
855 4478 943 4557 (ibid.
961 4483 986 4550 s.
1003 4484 1046 4551 ri.
1060 4478 1129 4553 fin.)
1140 4478 1179 4541 de
1194 4480 1324 4542 amicitis
