3050 4909
498 306 562 373 DE
584 306 801 375 AEscrssna
823 306 1055 381 ORATORE.
1272 311 1329 376 xix

223 466 406 529 obscuritate
418 477 535 548 peccat,
551 489 610 531 non
630 471 724 531 solum
746 490 782 530 ex
801 477 952 530 oratorum
970 488 1093 531 numero
1108 468 1253 543 eximitur,
1274 471 1328 531 scd

223 562 306 623 rudis
320 563 408 641 plane
422 574 514 642 atque
529 565 625 625 iulans
641 564 779 625 babetur.
820 564 887 624 Alia
901 573 948 624 est
961 563 1055 642 major
1068 563 1160 624 virtus
1173 572 1204 625 et
1217 564 1328 626 oratori

222 656 313 734 magis
335 658 466 743 propria,
489 660 652 719 communis
675 668 773 717 tamen
794 658 981 735 maximeque
1003 668 1075 737 apts
1096 658 1204 738 poetis.
1245 658 1328 719 Ean

223 750 340 809 Graecis
354 750 464 811 dicitur
478 751 611 829 ἐνάργεια
624 761 655 811 et
667 752 720 827 πρὸ
735 751 869 831 ὀμμάτων
883 758 987 821 ποιεῖν,
1002 768 1021 809 a
1034 749 1146 810 Latinis
1164 748 1326 823 evidentia,

222 844 455 920 representatio,
476 843 644 905 illustratio.
688 844 764 903 Hac
781 843 952 903 auditorum
973 841 1071 903 oculis
1092 860 1151 914 res,
1173 862 1240 921 quar
1261 863 1328 905 ora-

221 933 302 995 tione
316 943 490 1008 tractantur,
505 934 636 1013 subjicit,
658 954 821 1015 eorumque
841 934 945 995 animis
959 935 1003 994 ita
1015 933 1122 1015 intigit,
1135 944 1170 995 ut
1183 954 1233 995 eas
1246 938 1328 997 cerni

220 1036 311 1107 atque
324 1030 396 1111 geri,
412 1030 507 1107 iisque
521 1030 662 1090 iuteresse
676 1049 707 1089 se
722 1037 838 1109 putent.
879 1028 948 1088 linc
961 1026 1071 1088 virtute
1091 1028 1215 1089 maxime
1229 1032 1327 1091 ercet-

220 1121 287 1182 lnut
302 1122 334 1194 ii,
353 1122 406 1200 qui
419 1122 554 1182 celeriter
567 1130 599 1182 et
617 1130 705 1182 acute
723 1140 825 1187 ornncr
838 1120 883 1181 rei
901 1130 1004 1200 partes
1017 1120 1261 1194 animadvertunt,
1276 1142 1327 1183 eas

221 1213 378 1293 diligenter
401 1215 671 1294 cogitantesque
690 1215 841 1291 absentes,
863 1222 898 1276 ut
918 1222 1089 1293 praesentes,
1110 1216 1219 1275 acriori
1240 1234 1326 1278 seusu

220 1306 380 1385 animoque
395 1307 554 1386 concipere
568 1316 599 1367 et
612 1307 670 1367 sibi
683 1305 795 1386 tingere
809 1314 944 1385 possunt.
986 1307 1097 1385 Operm
1110 1307 1241 1385 pretium
1260 1308 1326 1381 erit,

221 1398 337 1477 aliquot
355 1400 488 1478 exempla
501 1420 539 1459 ex
556 1399 700 1460 AEscbine
719 1398 850 1472 laudare,
864 1418 933 1477 qum
952 1398 982 1459 ei
999 1397 1183 1460 hauddubie
1197 1400 1327 1460 omnium

220 1511 368 1553 consensu
390 1491 547 1554 evidentius
571 1492 686 1553 lauden
710 1492 879 1554 conciliant.
922 1492 995 1553 Euat
1013 1491 1093 1553 inter
1113 1494 1254 1570 patronos
1276 1492 1327 1551 Ti-

220 1584 332 1645 marcbi
353 1594 465 1663 praetor
486 1584 603 1663 aliquis,
627 1584 715 1662 cujus
733 1584 913 1645 auctoritate
932 1603 970 1644 nc
991 1604 1059 1645 reus
1077 1585 1135 1644 sibi
1155 1584 1327 1664 eriperetur,

219 1676 386 1738 cavendum
397 1686 462 1737 erat
475 1679 596 1738 oratori.
628 1678 787 1739 Hominem
800 1696 872 1757 ergo
884 1676 1003 1738 duobus
1013 1677 1109 1738 verbis
1122 1676 1165 1737 itu
1175 1677 1327 1749 describit,

221 1778 254 1829 ut
271 1778 304 1829 et
323 1769 412 1830 facile
426 1770 504 1832 iuter
517 1770 626 1832 rnultos
643 1790 797 1850 agnoscas,
810 1779 841 1830 et
853 1767 920 1846 ejus
941 1769 1138 1848 arrogantiam
1153 1769 1327 1831 vanitatem·

221 1880 281 1939 que
293 1860 391 1923 ridere
402 1862 530 1941 cogerit.
545 1868 582 1938 (r.
595 1863 721 1945 Τιμάρχ.
734 1868 758 1937 ξ.
772 1863 829 1941 τίς.)
843 1859 1037 1937 Ἀναβίισεται
1055 1861 1078 1921 d⁴
1090 1862 1122 1922 ἕν
1135 1867 1170 1945 τῇ
1181 1865 1328 1940 ιίπολογίρ

220 1956 333 2017 καὶτῶν
347 1967 513 2035 στρατηγῶν
532 1983 586 2029 τις,
602 1962 639 2025 ὥς
653 1960 754 2029 doto,
775 1957 916 2027 ίττιιίζαν
929 1960 976 2016 roi
988 1956 1249 2035 κατασιοποιίμενος
1262 1956 1327 2017 ἑαν-

219 2051 278 2108 τόν.
315 2048 392 2117 Quis
406 2068 467 2110 uon
479 2050 588 2121 statim,
603 2068 671 2110 cum
686 2050 752 2109 baec
766 2049 849 2127 tegit,
861 2048 952 2109 totins
967 2048 1103 2128 corporis
1118 2048 1252 2108 habitum
1264 2048 1327 2108 isti-

221 2160 255 2201 us
273 2141 410 2214 luomiuis,
428 2142 584 2225 ipsumque
596 2152 736 2222 tanquam
754 2142 785 2201 in
797 2140 899 2203 tabula
912 2140 1064 2219 depictum
1077 2147 1129 2201 aot
1141 2139 1326 2202 incedentem

220 2232 369 2294 viderere
390 2234 497 2313 putati
518 2234 594 2297 Cum
616 2235 674 2295 hcc
696 2235 852 2296 aliusnon
873 2235 969 2295 minus
990 2234 1108 2311 elegans
1127 2233 1213 2293 locus
1226 2240 1327 2311 potest

217 2326 398 2405 comparari,
420 2328 472 2386 ubi
499 2328 709 2389 Demosthenis
732 2328 762 2388 in
785 2328 914 2388 dicendo
931 2327 1152 2388 boesitationem
1173 2334 1205 2387 et
1225 2346 1326 2387 casum

217 2424 260 2495 (τ.
281 2420 474 2499 Ποροπρεσβ.
490 2426 517 2497 ί.
533 2424 581 2496 re.)
600 2420 642 2481 ita
656 2419 810 2482 evidenter
822 2419 977 2489 describit,
991 2427 1027 2478 ut
1039 2437 1108 2477 curn
1128 2437 1166 2476 eo
1179 2418 1324 2490 laborare,

220 2514 325 2575 sudam
345 2514 473 2593 rogique
490 2513 619 2593 cogaris.
660 2514 768 2573 Insunt
784 2512 852 2573 locs
866 2510 1002 2590 ejusdem
1015 2509 1130 2590 generis
1148 2509 1207 2570 alia
1220 2512 1324 2583 multa,

220 2607 355 2686 equibus
370 2626 461 2667 unum
472 2613 586 2667 tantum
600 2607 851 2678 commemorabo,
863 2605 915 2666 ubl
929 2605 968 2665 de
982 2602 1191 2664 Thebanorum
1204 2602 1323 2671 calami-

220 2707 281 2761 tate
293 2700 336 2760 ita
347 2700 480 2778 exponit,
495 2708 528 2760 ut
544 2699 677 2761 miserias
700 2717 802 2760 eoruur
816 2718 875 2782 nou
888 2697 1022 2768 auribus,
1037 2695 1091 2757 red
1110 2695 1207 2757 oculis
1225 2696 1323 2775 perci-

219 2812 291 2871 pere
304 2792 468 2853 videamur.
483 2795 521 2869 (r.
531 2793 654 2875 Κτησιρ.
670 2802 694 2872 §-
708 2793 778 2871 pu.)
790 2794 856 2851 unx
869 2791 966 2862 ἐπειδὴ
978 2798 1040 2858 τοῖς
1055 2791 1187 2868 σόμασιν
1204 2792 1238 2849 οίι
1250 2814 1323 2871 παρ·

219 2884 365 2961 εγένισθε,
381 2886 482 2963 iuquit
495 2892 604 2958 orator,
620 2893 685 2952 ταῖς
708 2908 743 2960 γε
756 2884 896 2951 διανοίαις
909 2880 1091 2960 ἂσοβλίψατί
1104 2885 1198 2942 ιιίττῦν
1210 2884 1251 2948 είς
1268 2889 1323 2950 τιίς

220 2982 375 3058 συμφορὰς,
398 2980 443 3037 καί
468 2984 603 3059 νομίσατε
623 2980 696 3058 ὁρᾷν
715 2980 906 3057 ἁλισκομένην
923 2980 976 3047 τὴν
993 2979 1088 3048 πόλιν,
1108 2983 1213 3055 τειχῶν
1236 2998 1322 3035 κοτα-

133 3100 142 3107 ·
221 3074 341 3151 σπορᾶς,
355 3070 508 3151 ἐμπρήσεις
521 3074 624 3143 οίκιῶν,
635 3072 784 3149 ἀγομένας
795 3077 936 3146 γυναῖκας
950 3072 996 3129 καί
1005 3067 1111 3135 παῖδας
1124 3070 1166 3135 είς
1178 3067 1321 3140 δουλείαν,

219 3162 379 3240 πρεσβύτας
399 3163 576 3245 ίινθρώποιις,
596 3162 787 3245 πρεσβύτιδας
807 3170 958 3239 γυναῖκας,
972 3162 1024 3242 ὀψὲ
1043 3160 1321 3243 μεταμανθάνοντας

218 3262 269 3328 τὴν
281 3256 456 3337 ἐλευθερίαν,
476 3263 640 3331 κλαίοντας,
657 3258 831 3325 ίιιετειίοντας
843 3260 929 3339 ὑμᾶς,
943 3260 1140 3337 ὄργιζομένονς
1160 3258 1195 3314 ot
1207 3262 1268 3322 τοῖς
1280 3280 1322 3316 τι·

219 3355 418 3431 μυρουμένοις,
433 3354 511 3411 α’λλὰ
525 3359 585 3420 τοῖς
597 3353 701 3416 τοιίτοιν
715 3355 825 3417 αίτίοις.
866 3350 984 3424 Nonne,
999 3348 1052 3429 qui
1067 3347 1132 3409 brou
1147 3345 1229 3425 tegit,
1239 3346 1322 3408 urbis

219 3450 341 3503 mstatrc
356 3442 513 3522 imaginem
527 3444 669 3523 concipit,
681 3462 831 3504 murorum
841 3442 989 3522 fragorem
1003 3449 1035 3503 et
1048 3440 1213 3519 collapsum
1226 3439 1321 3514 audit,

217 3535 435 3597 domiciliorum
458 3535 606 3597 furentem
629 3536 775 3601 flammam
797 3536 888 3608 ridet,
910 3536 1068 3606 intantum,
1090 3532 1265 3594 feminarum
1289 3542 1325 3610 et·

219 3647 319 3689 oenum
338 3628 570 3689 imbecillitatem
590 3628 680 3703 dolet,
697 3629 826 3689 fortuna
846 3628 1107 3688 commutationem
1124 3624 1320 3697 timet-lacri-

218 3740 331 3783 marum
353 3729 384 3782 et
402 3722 651 3801 supplicationum
666 3724 695 3783 vi
716 3723 754 3783 nd
776 3721 1007 3783 misericordiam
1021 3730 1053 3781 et
1069 3719 1211 3781 auritium
1224 3717 1320 3779 seren·

218 3814 290 3874 duur
305 3825 519 3886 commoretur,
534 3815 658 3877 alienam
667 3814 818 3885 ,misenam
831 3822 918 3892 putat
931 3833 1023 3886 suam,
1036 3813 1155 3874 illorum
1168 3810 1319 3871 bominum

218 3926 321 3969 sensus
340 3907 448 3980 induit,
470 3927 584 3987 eosque
597 3918 666 3971 ante
679 3908 793 3980 oculos,
807 3908 1004 3969 miserandum
1025 3904 1239 3986 spectaculum,
1252 3921 1319 3963 rer·

217 3999 461 4154 arripiant?
483 4002 564 4081 Ergo
584 4000 645 4063 sine
662 4002 754 4063 dubio
769 4000 928 4063 AEscbiuer
941 4000 1099 4062 evidentia
1113 3997 1200 4060 laude
1220 3995 1319 4056 clarus

297 4092 323 4153 ri
357 4113 374 4153 e
414 4101 437 4154 t.
