3050 4909
455 433 708 501 LECTIONES
730 432 1014 500 AESCHINEAS.
1210 436 1275 501 405

185 584 341 650 duodecim
357 590 447 654 ferme
462 594 528 671 ejas
541 595 637 655 habco
650 592 781 654 nondum
795 594 875 655 edita
888 596 1029 674 opusculo
1042 614 1079 656 ex
1094 595 1197 655 eodem
1212 597 1275 655 An·

184 693 347 759 gnstaooet
357 688 451 747 arion
465 689 615 749 Bavsricis
625 687 708 749 libris
717 688 827 767 petitor
841 690 978 749 Aristidis
988 700 1083 751 autem
1095 689 1275 752 Scholiastas

185 774 323 849 ineditos,
339 788 398 839 tato
416 780 553 857 grandes,
570 791 604 842 nt
623 781 721 860 ipsam
741 800 827 859 prese
847 790 996 842 auctorem
1015 784 1093 843 mole
1114 784 1258 844 excedant
1264 802 1274 852 ς

186 867 237 927 sed
252 878 362 947 prostes
376 870 428 930 has
442 891 537 945 caras,
556 882 588 932 ut
607 892 667 933 uno
685 873 724 933 de
742 873 885 934 AEschine
905 874 1021 954 loquar,
1035 874 1083 933 cui
1094 875 1141 934 aix
1157 875 1276 954 quadri·

185 972 292 1022 mestre
314 974 430 1044 tempos
449 967 620 1046 impendere
638 966 732 1045 potui,
754 978 829 1045 quot
846 976 877 1026 et
896 978 1007 1046 quanta
1027 968 1123 1047 reperi
1143 969 1275 1047 agenda!

185 1055 258 1116 folia
270 1078 288 1116 s
301 1058 383 1136 prelo
397 1059 518 1120 mndida
534 1058 739 1139 perlustranda
752 1072 783 1119 et
796 1078 813 1120 a
826 1060 1041 1139 sphetmntbus
1055 1060 1277 1139 typographicis
1354 1100 1357 1111 ·
1450 1136 1458 1147 .

184 1152 348 1230 purganda,
360 1154 412 1231 qni
424 1152 643 1215 molestissimos
659 1162 704 1212 est
722 1154 817 1224 labor,
832 1154 993 1232 praesertim
1011 1153 1056 1212 his
1070 1152 1160 1213 curtis
1173 1152 1278 1213 diebus

185 1241 378 1316 brumalibus,
393 1244 423 1303 io
434 1246 501 1319 ista,
514 1264 582 1324 quse
597 1264 726 1305 meorom
738 1245 890 1305 oculorum
911 1254 966 1319 est,
986 1243 1168 1315 infirmitate:
1192 1244 1277 1306 sohe-

186 1333 240 1395 das
262 1336 379 1397 easdem
398 1337 504 1398 iterum
522 1346 612 1417 atque
631 1339 733 1398 iterum
754 1336 966 1411 rescribendss,
986 1336 1068 1417 qood
1091 1347 1142 1399 aut
1162 1337 1277 1416 pagioae

185 1437 283 1488 essent
296 1431 455 1502 mutandae,
476 1440 528 1491 aut
545 1431 729 1491 accessiones
748 1430 921 1502 inserente,
935 1430 1053 1490 codices
1071 1428 1278 1503 conferendos,

186 1520 299 1581 scholis
316 1523 520 1594 exscribendo,
532 1524 795 1584 snimsdaersiones
806 1522 987 1597 condendas,
1000 1522 1188 1603 prefationes
1207 1522 1279 1583 scri-

187 1614 309 1688 beodas,
323 1615 436 1675 indices
448 1615 561 1675 dodum
575 1615 682 1688 factos,
697 1616 795 1675 denno
809 1616 1040 1693 perlustrandos.
1081 1615 1162 1684 Quid
1178 1616 1278 1676 muita.

187 1706 284 1766 Nemo
294 1707 406 1777 credat,
421 1726 508 1785 qnam
522 1708 625 1778 muita,
637 1725 725 1785 qnam
739 1706 820 1766 taedii
836 1708 935 1787 piens,
948 1726 1033 1786 quam
1050 1709 1162 1769 minata
1175 1717 1205 1768 et
1219 1728 1280 1769 sor·

187 1796 258 1857 dida
277 1797 353 1858 adeo
378 1799 546 1859 dmonnda
571 1798 629 1859 sint
648 1798 768 1870 editori,
788 1798 935 1877 religioso,
956 1798 1121 1878 famamque
1142 1819 1222 1860 susm
1247 1810 1278 1862 et

168 1961 173 1968 1
188 1886 318 1948 officium
332 1890 458 1950 moneris
471 1892 634 1969 spectanti3
657 1890 705 1950 cai
719 1901 753 1950 ot
771 1890 967 1950 satisfacerem
980 1890 1050 1950 nihii
1065 1891 1136 1951 mihi
1151 1892 1190 1952 sd
1206 1911 1277 1953 coo·

188 1982 347 2042 tentionem
367 1982 514 2062 reliquom
535 1983 604 2060 feci.
643 1983 792 2043 Praeterea
812 1982 893 2043 carui
912 1982 1012 2043 maltis
1033 1983 1116 2043 bonis
1136 1983 1219 2045 libris
1240 1984 1278 2044 ad

189 2074 358 2151 hujusmodi
377 2096 438 2135 reor
458 2075 585 2137 feliciter
602 2076 746 2155 agendam
759 2075 938 2137 necessariis.
981 2076 1091 2135 Putnro
1102 2084 1200 2137 ants·
1215 2077 1279 2137 edi·

188 2168 245 2226 tori
260 2168 317 2227 hoc
330 2168 386 2228 erit
397 2168 512 2228 facilius
526 2188 616 2241 nunc,
629 2188 718 2249 quam
737 2168 808 2228 mihi
822 2168 888 2242 fnit,
901 2186 1018 2247 sparsos
1033 2166 1182 2229 AEschiais
1199 2169 1280 2229 iocos

189 2279 205 2319 e
225 2260 420 2338 grammaticis
440 2259 576 2340 colligere
587 2261 710 2342 (Tayior
727 2262 806 2321 enim
826 2260 883 2321 isac
902 2260 932 2320 in
955 2280 987 2319 re
1007 2279 1110 2340 parom
1131 2261 1280 2339 profecit),

190 2352 270 2429 qood
291 2352 382 2413 editio
402 2370 466 2412 mes
483 2353 612 2432 copiosis
625 2363 715 2432 atque
729 2352 889 2413 fructuosis
908 2353 1049 2411 instructa
1069 2362 1113 2412 est
1133 2351 1279 2413 indicibus
1339 2422 1345 2435 Ι

190 2444 360 2505 Graecitatis
372 2444 551 2517 AEschinese,
572 2446 679 2523 quibos
691 2446 771 2524 qnod
790 2444 881 2506 addat
901 2463 1004 2522 param
1024 2444 1154 2516 habebit,
1172 2456 1279 2523 praeter

188 2536 302 2597 indices
311 2536 522 2598 vocabulorum
538 2538 568 2597 in
581 2540 714 2617 epistolis
724 2538 871 2597 AEsehiois
884 2536 1109 2608 occurrentium,
1119 2536 1228 2616 quibus
1241 2558 1277 2596 ex

188 2630 319 2709 epistolis
332 2630 477 2692 vocabola
491 2630 570 2691 nulia
584 2650 681 2691 merim
693 2632 723 2691 in
735 2630 862 2691 iadicem
874 2629 969 2691 retuli.
